{
  "AAPL": {
    "quote": {
      "symbol": "AAPL",
      "companyName": "Apple Inc.",
      "primaryExchange": "Nasdaq Global Select",
      "sector": "Technology",
      "calculationPrice": "close",
      "open": 185.94,
      "openTime": 1529674200375,
      "close": 184.92,
      "closeTime": 1529697600451,
      "high": 186.15,
      "low": 184.7,
      "latestPrice": 184.92,
      "latestSource": "Close",
      "latestTime": "June 22, 2018",
      "latestUpdate": 1529697600451,
      "latestVolume": 27254380,
      "iexRealtimePrice": 185.39,
      "iexRealtimeSize": 5,
      "iexLastUpdated": 1529697668550,
      "delayedPrice": 184.92,
      "delayedPriceTime": 1529697600451,
      "extendedPrice": 185.01,
      "extendedChange": 0.09,
      "extendedChangePercent": 0.00049,
      "extendedPriceTime": 1529701087475,
      "previousClose": 185.46,
      "change": -0.54,
      "changePercent": -0.00291,
      "iexMarketPercent": 0.01598,
      "iexVolume": 435525,
      "avgTotalVolume": 23148364,
      "iexBidPrice": 0,
      "iexBidSize": 0,
      "iexAskPrice": 0,
      "iexAskSize": 0,
      "marketCap": 908907318960,
      "peRatio": 19.01,
      "week52High": 194.2,
      "week52Low": 142.28,
      "ytdChange": 0.07911678150864673
    },
    "dividends": [
      {
        "exDate": "2018-02-09",
        "paymentDate": "2018-02-15",
        "recordDate": "2018-02-12",
        "declaredDate": "2018-02-01",
        "amount": 0.63,
        "flag": "",
        "type": "Dividend income",
        "qualified": "Q",
        "indicated": ""
      }
    ],
    "news": [
      {
        "datetime": "2018-06-23T08:49:01-04:00",
        "headline": "Stocks To Watch: More Trade Tiffs And Stress Tests",
        "source": "SeekingAlpha",
        "url": "https://api.iextrading.com/1.0/stock/aapl/article/6760303659789651",
        "summary": "   Welcome to Seeking Alpha's Stocks to Watch - a preview of key events scheduled for the next week. Follow this account and turn the e-mail alert on to receive this article in your inbox every Saturday morning.  Trade battles are set to dominate another week's action, with a set of hair-trigger …",
        "related": "AAPL,ACN,AKAM,AKAO,ATRC,BAC,BBBY,BIDU,BIIB,BJ,BLK,BV,C,CAG,CBAY,CCL,CHINA001,CMCSA,CMG,Computer Hardware,CON31167138,COOL,CTRV,DIS,DRRX,EVER,FII,FTSV,GAIN,GBLK,GIS,GS,GWPH,HEI,INFO,INTHPINK,JPM,LEA,MCK,MD,Meetings,MKC,MNKD,NASDAQ01,NKE,NSM,NTGN,NTRA,NTRS,PAYX,PIR,PPC,PRGS,PS,PTIE,QCOM,RAD,S,SBHMY,SBKO,SNE,SNX,SONC,SRE,STIM,STZ,TBIO,TCDA,Computing and Information Technology,TEGP,TEP,TMCXU,TMUS,TWTR,VTIQU,WBA,WFC,WMIH",
        "image": "https://api.iextrading.com/1.0/stock/aapl/news-image/6760303659789651"
      },
      {
        "datetime": "2018-06-23T08:30:00-04:00",
        "headline": "What Tim Cook says coming out cost him-and why he still has &apos;no regrets&apos;",
        "source": "CNBC",
        "url": "https://api.iextrading.com/1.0/stock/aapl/article/7508362035127665",
        "summary": "No summary available.",
        "related": "AAPL",
        "image": "https://api.iextrading.com/1.0/stock/aapl/news-image/7508362035127665"
      },
      {
        "datetime": "2018-06-23T07:25:29-04:00",
        "headline": "Intel: The 3 Failures Of Brian Krzanich, Part 1",
        "source": "SeekingAlpha",
        "url": "https://api.iextrading.com/1.0/stock/aapl/article/6940010899486660",
        "summary": "   Rethink Technology business briefs for June 22, 2018.    Intel's golden opportunity     Brian Krzanich. Source:  Anandtech .    The sudden departure of Intel's ( INTC ) CEO, Brian Krzanich, presents Intel with a golden opportunity to reinvent itself and make a break with its past. That need is…",
        "related": "AAPL,Computer Hardware,CON31167138,INTC,NASDAQ01,OTCBULLB,QCOM,SSNLF,Computing and Information Technology,TSM",
        "image": "https://api.iextrading.com/1.0/stock/aapl/news-image/6940010899486660"
      }
    ],
    "peers": [
      "MSFT",
      "NOK",
      "IBM",
      "HPQ",
      "GOOGL",
      "BB",
      "XLK"
    ],
    "stats": {
      "companyName": "Apple Inc.",
      "marketcap": 908907318960,
      "beta": 1.214113,
      "week52high": 194.2,
      "week52low": 142.28,
      "week52change": 28.953299,
      "shortInterest": 45958599,
      "shortDate": "2018-05-31",
      "dividendRate": 2.92,
      "dividendYield": 1.5790613,
      "exDividendDate": "2018-05-11 00:00:00.0",
      "latestEPS": 0,
      "latestEPSDate": "2017-09-30",
      "sharesOutstanding": 4915138000,
      "float": 4905331314,
      "returnOnEquity": 40.86,
      "consensusEPS": 3.82,
      "numberOfEstimates": 9,
      "EPSSurpriseDollar": null,
      "EPSSurprisePercent": 1.8325,
      "symbol": "AAPL",
      "EBITDA": 61840000000,
      "revenue": 186280000000,
      "grossProfit": 71331000000,
      "cash": 228093000000,
      "debt": 346419000000,
      "ttmEPS": 9.73,
      "revenuePerShare": 38,
      "revenuePerEmployee": 1514472,
      "peRatioHigh": 114.1,
      "peRatioLow": 0,
      "returnOnAssets": 15.19,
      "returnOnCapital": null,
      "profitMargin": 21.55,
      "priceToSales": 3.6843126,
      "priceToBook": 7.43,
      "day200MovingAvg": 170.82076,
      "day50MovingAvg": 182.73778,
      "institutionPercent": 54.2,
      "insiderPercent": null,
      "shortRatio": 1.7009499,
      "year5ChangePercent": 2.5228225253371943,
      "year2ChangePercent": 0.9915821942298825,
      "year1ChangePercent": 0.28380292250529016,
      "ytdChangePercent": 0.08202678150864673,
      "month6ChangePercent": 0.09274763509840166,
      "month3ChangePercent": 0.12545760514647922,
      "month1ChangePercent": -0.018262900828201454,
      "day5ChangePercent": -0.020239482886510656,
      "day30ChangePercent": -0.019460204676812216
    },
    "company": {
      "symbol": "AAPL",
      "companyName": "Apple Inc.",
      "exchange": "Nasdaq Global Select",
      "industry": "Computer Hardware",
      "website": "http://www.apple.com",
      "description": "Apple Inc is designs, manufactures and markets mobile communication and media devices and personal computers, and sells a variety of related software, services, accessories, networking solutions and third-party digital content and applications.",
      "CEO": "Timothy D. Cook",
      "issueType": "cs",
      "sector": "Technology",
      "tags": [
        "Technology",
        "Consumer Electronics",
        "Computer Hardware"
      ]
    },
    "financials": {
      "symbol": "AAPL",
      "financials": [
        {
          "reportDate": "2018-03-31",
          "grossProfit": 23422000000,
          "costOfRevenue": 37715000000,
          "operatingRevenue": 61137000000,
          "totalRevenue": 61137000000,
          "operatingIncome": 15894000000,
          "netIncome": 13822000000,
          "researchAndDevelopment": 3378000000,
          "operatingExpense": 7528000000,
          "currentAssets": 130053000000,
          "totalAssets": 367502000000,
          "totalLiabilities": null,
          "currentCash": 45059000000,
          "currentDebt": 20478000000,
          "totalCash": 87940000000,
          "totalDebt": 121840000000,
          "shareholderEquity": 126878000000,
          "cashChange": 17568000000,
          "cashFlow": 15130000000,
          "operatingGainsLosses": null
        },
        {
          "reportDate": "2017-12-31",
          "grossProfit": 33912000000,
          "costOfRevenue": 54381000000,
          "operatingRevenue": 88293000000,
          "totalRevenue": 88293000000,
          "operatingIncome": 26274000000,
          "netIncome": 20065000000,
          "researchAndDevelopment": 3407000000,
          "operatingExpense": 7638000000,
          "currentAssets": 143810000000,
          "totalAssets": 406794000000,
          "totalLiabilities": null,
          "currentCash": 27491000000,
          "currentDebt": 18478000000,
          "totalCash": 77153000000,
          "totalDebt": 122400000000,
          "shareholderEquity": 140199000000,
          "cashChange": 7202000000,
          "cashFlow": 28293000000,
          "operatingGainsLosses": null
        },
        {
          "reportDate": "2017-09-30",
          "grossProfit": 19931000000,
          "costOfRevenue": 32648000000,
          "operatingRevenue": 52579000000,
          "totalRevenue": 52579000000,
          "operatingIncome": 13120000000,
          "netIncome": 10714000000,
          "researchAndDevelopment": 2997000000,
          "operatingExpense": 6811000000,
          "currentAssets": 128645000000,
          "totalAssets": 375319000000,
          "totalLiabilities": null,
          "currentCash": 20289000000,
          "currentDebt": 18473000000,
          "totalCash": 74181000000,
          "totalDebt": 115680000000,
          "shareholderEquity": 134047000000,
          "cashChange": 1718000000,
          "cashFlow": 15656000000,
          "operatingGainsLosses": null
        },
        {
          "reportDate": "2017-06-30",
          "grossProfit": 17488000000,
          "costOfRevenue": 27920000000,
          "operatingRevenue": 45408000000,
          "totalRevenue": 45408000000,
          "operatingIncome": 10768000000,
          "netIncome": 8717000000,
          "researchAndDevelopment": 2937000000,
          "operatingExpense": 6720000000,
          "currentAssets": 112875000000,
          "totalAssets": 345173000000,
          "totalLiabilities": null,
          "currentCash": 18571000000,
          "currentDebt": 18475000000,
          "totalCash": 76759000000,
          "totalDebt": 108339000000,
          "shareholderEquity": 132425000000,
          "cashChange": 3414000000,
          "cashFlow": 8138000000,
          "operatingGainsLosses": null
        }
      ]
    },
    "splits": [],
    "volume-by-venue": [
      {
        "volume": 0,
        "venue": "XCIS",
        "venueName": "NYSE National",
        "marketPercent": 0,
        "avgMarketPercent": 0.00001368400277900012,
        "date": null
      },
      {
        "volume": 0,
        "venue": "XASE",
        "venueName": "NYSE American",
        "marketPercent": 0,
        "avgMarketPercent": 0.002200144316115335,
        "date": null
      },
      {
        "volume": 0,
        "venue": "XPHL",
        "venueName": "Nasdaq PSX",
        "marketPercent": 0,
        "avgMarketPercent": 0.007803620247043803,
        "date": null
      },
      {
        "volume": 0,
        "venue": "EDGA",
        "venueName": "Cboe EDGA",
        "marketPercent": 0,
        "avgMarketPercent": 0.010266347000535523,
        "date": null
      },
      {
        "volume": 0,
        "venue": "BATY",
        "venueName": "Cboe BYX",
        "marketPercent": 0,
        "avgMarketPercent": 0.011178973254691535,
        "date": null
      },
      {
        "volume": 0,
        "venue": "XNYS",
        "venueName": "NYSE",
        "marketPercent": 0,
        "avgMarketPercent": 0.018301419103968288,
        "date": null
      },
      {
        "volume": 0,
        "venue": "IEXG",
        "venueName": "IEX",
        "marketPercent": 0,
        "avgMarketPercent": 0.02060170201084461,
        "date": null
      },
      {
        "volume": 0,
        "venue": "XBOS",
        "venueName": "Nasdaq BX",
        "marketPercent": 0,
        "avgMarketPercent": 0.02099346764008711,
        "date": null
      },
      {
        "volume": 0,
        "venue": "XCHI",
        "venueName": "CHX",
        "marketPercent": 0,
        "avgMarketPercent": 0.024480953629989536,
        "date": null
      },
      {
        "volume": 0,
        "venue": "BATS",
        "venueName": "Cboe BZX",
        "marketPercent": 0,
        "avgMarketPercent": 0.07042363542996126,
        "date": null
      },
      {
        "volume": 0,
        "venue": "EDGX",
        "venueName": "Cboe EDGX",
        "marketPercent": 0,
        "avgMarketPercent": 0.07171744977212748,
        "date": null
      },
      {
        "volume": 0,
        "venue": "ARCX",
        "venueName": "NYSE Arca",
        "marketPercent": 0,
        "avgMarketPercent": 0.08116548067010902,
        "date": null
      },
      {
        "volume": 0,
        "venue": "XNGS",
        "venueName": "Nasdaq",
        "marketPercent": 0,
        "avgMarketPercent": 0.3194656136878268,
        "date": null
      },
      {
        "volume": 0,
        "venue": "TRF",
        "venueName": "Off Exchange",
        "marketPercent": 0,
        "avgMarketPercent": 0.3413893751152749,
        "date": null
      }
    ]
  },
  "NVDA": {
    "quote": {
      "symbol": "NVDA",
      "companyName": "NVIDIA Corporation",
      "primaryExchange": "Nasdaq Global Select",
      "sector": "Technology",
      "calculationPrice": "close",
      "open": 258.04,
      "openTime": 1529674200334,
      "close": 250.95,
      "closeTime": 1529697600658,
      "high": 258.49,
      "low": 250.33,
      "latestPrice": 250.95,
      "latestSource": "Close",
      "latestTime": "June 22, 2018",
      "latestUpdate": 1529697600658,
      "latestVolume": 10653557,
      "iexRealtimePrice": 250.87,
      "iexRealtimeSize": 100,
      "iexLastUpdated": 1529697599824,
      "delayedPrice": 250.95,
      "delayedPriceTime": 1529697600658,
      "extendedPrice": 250.78,
      "extendedChange": -0.17,
      "extendedChangePercent": -0.00068,
      "extendedPriceTime": 1529701198280,
      "previousClose": 257.11,
      "change": -6.16,
      "changePercent": -0.02396,
      "iexMarketPercent": 0.01279,
      "iexVolume": 136259,
      "avgTotalVolume": 11902281,
      "iexBidPrice": 0,
      "iexBidSize": 0,
      "iexAskPrice": 0,
      "iexAskSize": 0,
      "marketCap": 152326650000,
      "peRatio": 81.48,
      "week52High": 269.2,
      "week52Low": 138.58,
      "ytdChange": 0.23644227399774273
    },
    "dividends": [],
    "news": [
      {
        "datetime": "2018-06-22T07:30:00-04:00",
        "headline": "Hype Vs. Hope",
        "source": "SeekingAlpha",
        "url": "https://api.iextrading.com/1.0/stock/nvda/article/7758694171905094",
        "summary": "   For every exciting new company or trend that will last, there are probably 5 or 10 others that will go bust or end up much smaller than the initial hope. Part of the challenge in investing in these sorts of companies, especially in the fast-changing technology industry, is to separate the winn…",
        "related": "AMD,ENPH,GOOG,GOOGL,INTC,NASDAQ01,NVDA,SCEQPMAT,SEDG,SEM31169,Computing and Information Technology,TSLA",
        "image": "https://api.iextrading.com/1.0/stock/nvda/news-image/7758694171905094"
      }
    ],
    "peers": [
      "INTC",
      "MSFT",
      "QCOM",
      "STM",
      "TXN",
      "AMBA",
      "AMD",
      "XLK"
    ],
    "stats": {
      "companyName": "NVIDIA Corporation",
      "marketcap": 159222170000,
      "beta": 1.483903,
      "week52high": 269.2,
      "week52low": 138.58,
      "week52change": 67.4513,
      "shortInterest": 12294495,
      "shortDate": "2018-05-31",
      "dividendRate": 0.6,
      "dividendYield": 0.228737,
      "exDividendDate": "2018-05-23 00:00:00.0",
      "latestEPS": 4.81,
      "latestEPSDate": "2018-01-31",
      "sharesOutstanding": 607000000,
      "float": 603350138,
      "returnOnEquity": 54.65,
      "consensusEPS": 0.66,
      "numberOfEstimates": 10,
      "EPSSurpriseDollar": null,
      "EPSSurprisePercent": 24.2424,
      "symbol": "NVDA",
      "EBITDA": 3400000000,
      "revenue": 9714000000,
      "grossProfit": 5822000000,
      "cash": 18403000000,
      "debt": 8283000000,
      "ttmEPS": 3.08,
      "revenuePerShare": 16,
      "revenuePerEmployee": 842644,
      "peRatioHigh": 110,
      "peRatioLow": 13.4,
      "returnOnAssets": 36.26,
      "returnOnCapital": null,
      "profitMargin": 34.45,
      "priceToSales": 14.208465,
      "priceToBook": 20.22,
      "day200MovingAvg": 220.46864,
      "day50MovingAvg": 246.81635,
      "institutionPercent": 58.1,
      "insiderPercent": 0.6,
      "shortRatio": 0.88084054,
      "year5ChangePercent": 17.857786962239338,
      "year2ChangePercent": 4.2192848363085025,
      "year1ChangePercent": 0.6359436940710325,
      "ytdChangePercent": 0.26040227399774274,
      "month6ChangePercent": 0.2725956082139846,
      "month3ChangePercent": 0.07784353981084585,
      "month1ChangePercent": 0.013775551426032142,
      "day5ChangePercent": -0.053340374966992295,
      "day30ChangePercent": -0.013455453356433375
    },
    "company": {
      "symbol": "NVDA",
      "companyName": "NVIDIA Corporation",
      "exchange": "Nasdaq Global Select",
      "industry": "Semiconductors",
      "website": "http://www.nvidia.com",
      "description": "NVIDIA Corp is a developer of graphics processing unit. It caters to areas like gaming, professional visualization, datacenter and automobiles.",
      "CEO": "Jen-Hsun Huang",
      "issueType": "cs",
      "sector": "Technology",
      "tags": [
        "Technology",
        "Semiconductors"
      ]
    },
    "financials": {
      "symbol": "NVDA",
      "financials": [
        {
          "reportDate": "2018-04-30",
          "grossProfit": 2068000000,
          "costOfRevenue": 1139000000,
          "operatingRevenue": 3207000000,
          "totalRevenue": 3207000000,
          "operatingIncome": 1295000000,
          "netIncome": 1244000000,
          "researchAndDevelopment": 542000000,
          "operatingExpense": 773000000,
          "currentAssets": 9448000000,
          "totalAssets": 11460000000,
          "totalLiabilities": null,
          "currentCash": 765000000,
          "currentDebt": 14000000,
          "totalCash": 7300000000,
          "totalDebt": 2000000000,
          "shareholderEquity": 7717000000,
          "cashChange": -3237000000,
          "cashFlow": 1445000000,
          "operatingGainsLosses": null
        },
        {
          "reportDate": "2018-01-31",
          "grossProfit": 1801000000,
          "costOfRevenue": 1110000000,
          "operatingRevenue": 2911000000,
          "totalRevenue": 2911000000,
          "operatingIncome": 1073000000,
          "netIncome": 1119000000,
          "researchAndDevelopment": 507000000,
          "operatingExpense": 728000000,
          "currentAssets": 9255000000,
          "totalAssets": 11241000000,
          "totalLiabilities": null,
          "currentCash": 4002000000,
          "currentDebt": 15000000,
          "totalCash": 7108000000,
          "totalDebt": 2000000000,
          "shareholderEquity": 7471000000,
          "cashChange": 1200000000,
          "cashFlow": 1358000000,
          "operatingGainsLosses": -2000000
        },
        {
          "reportDate": "2017-10-31",
          "grossProfit": 1569000000,
          "costOfRevenue": 1067000000,
          "operatingRevenue": 2636000000,
          "totalRevenue": 2636000000,
          "operatingIncome": 895000000,
          "netIncome": 838000000,
          "researchAndDevelopment": 462000000,
          "operatingExpense": 674000000,
          "currentAssets": 8479000000,
          "totalAssets": 9830000000,
          "totalLiabilities": null,
          "currentCash": 2802000000,
          "currentDebt": 24000000,
          "totalCash": 6320000000,
          "totalDebt": 2010000000,
          "shareholderEquity": 6352000000,
          "cashChange": 814000000,
          "cashFlow": 1157000000,
          "operatingGainsLosses": 2000000
        },
        {
          "reportDate": "2017-07-31",
          "grossProfit": 1302000000,
          "costOfRevenue": 928000000,
          "operatingRevenue": 2230000000,
          "totalRevenue": 2230000000,
          "operatingIncome": 688000000,
          "netIncome": 583000000,
          "researchAndDevelopment": 416000000,
          "operatingExpense": 614000000,
          "currentAssets": 8070000000,
          "totalAssets": 9402000000,
          "totalLiabilities": null,
          "currentCash": 1988000000,
          "currentDebt": 86000000,
          "totalCash": 5877000000,
          "totalDebt": 2073000000,
          "shareholderEquity": 5973000000,
          "cashChange": -1000000,
          "cashFlow": 705000000,
          "operatingGainsLosses": 4000000
        }
      ]
    },
    "splits": [],
    "volume-by-venue": [
      {
        "volume": 0,
        "venue": "XCIS",
        "venueName": "NYSE National",
        "marketPercent": 0,
        "avgMarketPercent": 0.000011548070746313676,
        "date": null
      },
      {
        "volume": 0,
        "venue": "XASE",
        "venueName": "NYSE American",
        "marketPercent": 0,
        "avgMarketPercent": 0.0009911249831809647,
        "date": null
      },
      {
        "volume": 0,
        "venue": "XNYS",
        "venueName": "NYSE",
        "marketPercent": 0,
        "avgMarketPercent": 0.003542499127615246,
        "date": null
      },
      {
        "volume": 0,
        "venue": "EDGA",
        "venueName": "Cboe EDGA",
        "marketPercent": 0,
        "avgMarketPercent": 0.005610263629822278,
        "date": null
      },
      {
        "volume": 0,
        "venue": "XPHL",
        "venueName": "Nasdaq PSX",
        "marketPercent": 0,
        "avgMarketPercent": 0.009457566020860385,
        "date": null
      },
      {
        "volume": 0,
        "venue": "IEXG",
        "venueName": "IEX",
        "marketPercent": 0,
        "avgMarketPercent": 0.01050208772009014,
        "date": null
      },
      {
        "volume": 0,
        "venue": "BATY",
        "venueName": "Cboe BYX",
        "marketPercent": 0,
        "avgMarketPercent": 0.015034492563683945,
        "date": null
      },
      {
        "volume": 0,
        "venue": "XCHI",
        "venueName": "CHX",
        "marketPercent": 0,
        "avgMarketPercent": 0.015093138400557942,
        "date": null
      },
      {
        "volume": 0,
        "venue": "XBOS",
        "venueName": "Nasdaq BX",
        "marketPercent": 0,
        "avgMarketPercent": 0.02412523856689444,
        "date": null
      },
      {
        "volume": 0,
        "venue": "BATS",
        "venueName": "Cboe BZX",
        "marketPercent": 0,
        "avgMarketPercent": 0.03671588108272475,
        "date": null
      },
      {
        "volume": 0,
        "venue": "ARCX",
        "venueName": "NYSE Arca",
        "marketPercent": 0,
        "avgMarketPercent": 0.044946851217381296,
        "date": null
      },
      {
        "volume": 0,
        "venue": "EDGX",
        "venueName": "Cboe EDGX",
        "marketPercent": 0,
        "avgMarketPercent": 0.08392462470281382,
        "date": null
      },
      {
        "volume": 0,
        "venue": "XNGS",
        "venueName": "Nasdaq",
        "marketPercent": 0,
        "avgMarketPercent": 0.3062778363792238,
        "date": null
      },
      {
        "volume": 0,
        "venue": "TRF",
        "venueName": "Off Exchange",
        "marketPercent": 0,
        "avgMarketPercent": 0.44376789728460686,
        "date": null
      }
    ]
  },
  "NFLX": {
    "quote": {
      "symbol": "NFLX",
      "companyName": "Netflix Inc.",
      "primaryExchange": "Nasdaq Global Select",
      "sector": "Consumer Cyclical",
      "calculationPrice": "close",
      "open": 419.91,
      "openTime": 1529674200637,
      "close": 411.09,
      "closeTime": 1529697600487,
      "high": 420.5,
      "low": 409.651,
      "latestPrice": 411.09,
      "latestSource": "Close",
      "latestTime": "June 22, 2018",
      "latestUpdate": 1529697600487,
      "latestVolume": 10246479,
      "iexRealtimePrice": 410.48,
      "iexRealtimeSize": 100,
      "iexLastUpdated": 1529697594602,
      "delayedPrice": 411.09,
      "delayedPriceTime": 1529697600487,
      "extendedPrice": 410.88,
      "extendedChange": -0.21,
      "extendedChangePercent": -0.00051,
      "extendedPriceTime": 1529701198504,
      "previousClose": 415.44,
      "change": -4.35,
      "changePercent": -0.01047,
      "iexMarketPercent": 0.01491,
      "iexVolume": 152775,
      "avgTotalVolume": 8716389,
      "iexBidPrice": 0,
      "iexBidSize": 0,
      "iexAskPrice": 0,
      "iexAskSize": 0,
      "marketCap": 178697764079,
      "peRatio": 275.9,
      "week52High": 423.2056,
      "week52Low": 144.25,
      "ytdChange": 1.034041861540757
    },
    "dividends": [],
    "news": [
      {
        "datetime": "2018-06-23T07:30:33-04:00",
        "headline": "The Urge To Merge: Possible Implications From The AT&amp;T-Time Warner Ruling",
        "source": "SeekingAlpha",
        "url": "https://api.iextrading.com/1.0/stock/nflx/article/8311502369256581",
        "summary": "   A recent US court ruling green-lighting the merger between AT&amp;T (T) and Time Warner (TWX) marked an historic event that some say could open the door to more merger-and-acquisition (M&amp;A) activity ahead. Sara Araghi, CFA, vice president, research analyst, Franklin Equity Group, and Marc …",
        "related": "AMZN,CMCSA,COM308,COM30845,FB,FOX,FOXA,GOOG,GOOGL,Mergers & Acquisitions,NASDAQ01,NFLX,S,T,TEL30845100,TMUS,TWX",
        "image": "https://api.iextrading.com/1.0/stock/nflx/news-image/8311502369256581"
      }
    ],
    "peers": [
      "BCE",
      "AMZN",
      "CMCSA",
      "DISH",
      "DIS",
      "P",
      "VIAB",
      "FOXA"
    ],
    "stats": {
      "companyName": "Netflix Inc.",
      "marketcap": 181162470889,
      "beta": 0.989841,
      "week52high": 419.4675,
      "week52low": 144.25,
      "week52change": 174.094,
      "shortInterest": 19691045,
      "shortDate": "2018-05-31",
      "dividendRate": 0,
      "dividendYield": 0,
      "exDividendDate": 0,
      "latestEPS": 1.25,
      "latestEPSDate": "2017-12-31",
      "sharesOutstanding": 434692559,
      "float": 434058328,
      "returnOnEquity": 19.18,
      "consensusEPS": 0.63,
      "numberOfEstimates": 16,
      "EPSSurpriseDollar": null,
      "EPSSurprisePercent": 1.5873,
      "symbol": "NFLX",
      "EBITDA": 523445000,
      "revenue": 9056078000,
      "grossProfit": 3053436000,
      "cash": 6734166000,
      "debt": 0,
      "ttmEPS": 1.49,
      "revenuePerShare": 21,
      "revenuePerEmployee": 1646560,
      "peRatioHigh": 0,
      "peRatioLow": 73,
      "returnOnAssets": 3.89,
      "returnOnCapital": null,
      "profitMargin": 5.26,
      "priceToSales": 14.156119,
      "priceToBook": 44.91,
      "day200MovingAvg": 258.40396,
      "day50MovingAvg": 344.393,
      "institutionPercent": 72.9,
      "insiderPercent": 0.1,
      "shortRatio": 3.0402057,
      "year5ChangePercent": 12.34707792207792,
      "year2ChangePercent": 3.4849443595897878,
      "year1ChangePercent": 1.6015061384634852,
      "ytdChangePercent": 1.044511861540757,
      "month6ChangePercent": 1.1894439710268427,
      "month3ChangePercent": 0.366019804612215,
      "month1ChangePercent": 0.19253307031793904,
      "day5ChangePercent": 0.0529969262295082,
      "day30ChangePercent": 0.25923543466274585
    },
    "company": {
      "symbol": "NFLX",
      "companyName": "Netflix Inc.",
      "exchange": "Nasdaq Global Select",
      "industry": "Entertainment",
      "website": "http://www.netflix.com",
      "description": "Netflix Inc provides multimedia content through the internet. It provides a subscription based platform for television shows, movies and original series.",
      "CEO": "Reed Hastings",
      "issueType": "cs",
      "sector": "Consumer Cyclical",
      "tags": [
        "Consumer Cyclical",
        "Media - Diversified",
        "Entertainment"
      ]
    },
    "financials": {
      "symbol": "NFLX",
      "financials": [
        {
          "reportDate": "2018-03-31",
          "grossProfit": 1504781000,
          "costOfRevenue": 2196075000,
          "operatingRevenue": 3700856000,
          "totalRevenue": 3700856000,
          "operatingIncome": 446578000,
          "netIncome": 290124000,
          "researchAndDevelopment": 300730000,
          "operatingExpense": 1058203000,
          "currentAssets": 7817576000,
          "totalAssets": 20152797000,
          "totalLiabilities": null,
          "currentCash": 2599477000,
          "currentDebt": null,
          "totalCash": 2593666000,
          "totalDebt": null,
          "shareholderEquity": 4020730000,
          "cashChange": -230495000,
          "cashFlow": -236757000,
          "operatingGainsLosses": 41080000
        },
        {
          "reportDate": "2017-12-31",
          "grossProfit": 1178401000,
          "costOfRevenue": 2107354000,
          "operatingRevenue": 3285755000,
          "totalRevenue": 3285755000,
          "operatingIncome": 245303000,
          "netIncome": 185517000,
          "researchAndDevelopment": 273351000,
          "operatingExpense": 933098000,
          "currentAssets": 7669974000,
          "totalAssets": 19012742000,
          "totalLiabilities": null,
          "currentCash": 2822795000,
          "currentDebt": null,
          "totalCash": 2822795000,
          "totalDebt": null,
          "shareholderEquity": 3581956000,
          "cashChange": 1074145000,
          "cashFlow": -487957000,
          "operatingGainsLosses": 25740000
        },
        {
          "reportDate": "2017-09-30",
          "grossProfit": 991879000,
          "costOfRevenue": 1992980000,
          "operatingRevenue": 2984859000,
          "totalRevenue": 2984859000,
          "operatingIncome": 208627000,
          "netIncome": 129590000,
          "researchAndDevelopment": 255236000,
          "operatingExpense": 783252000,
          "currentAssets": 6385348000,
          "totalAssets": 16951540000,
          "totalLiabilities": null,
          "currentCash": 1746469000,
          "currentDebt": null,
          "totalCash": 1746469000,
          "totalDebt": null,
          "shareholderEquity": 3327361000,
          "cashChange": -182993000,
          "cashFlow": -419607000,
          "operatingGainsLosses": 50830000
        },
        {
          "reportDate": "2017-06-30",
          "grossProfit": 883156000,
          "costOfRevenue": 1902308000,
          "operatingRevenue": 2785464000,
          "totalRevenue": 2785464000,
          "operatingIncome": 127807000,
          "netIncome": 65600000,
          "researchAndDevelopment": 267083000,
          "operatingExpense": 755349000,
          "currentAssets": 6700785000,
          "totalAssets": 16517223000,
          "totalLiabilities": null,
          "currentCash": 1918777000,
          "currentDebt": null,
          "totalCash": 2164902000,
          "totalDebt": null,
          "shareholderEquity": 3112500000,
          "cashChange": 829426000,
          "cashFlow": -534528000,
          "operatingGainsLosses": 64220000
        }
      ]
    },
    "splits": [],
    "volume-by-venue": [
      {
        "volume": 0,
        "venue": "XCIS",
        "venueName": "NYSE National",
        "marketPercent": 0,
        "avgMarketPercent": 0.000012468805914471312,
        "date": null
      },
      {
        "volume": 0,
        "venue": "XASE",
        "venueName": "NYSE American",
        "marketPercent": 0,
        "avgMarketPercent": 0.0010520858045719597,
        "date": null
      },
      {
        "volume": 0,
        "venue": "XNYS",
        "venueName": "NYSE",
        "marketPercent": 0,
        "avgMarketPercent": 0.0023710538242630564,
        "date": null
      },
      {
        "volume": 0,
        "venue": "EDGA",
        "venueName": "Cboe EDGA",
        "marketPercent": 0,
        "avgMarketPercent": 0.005189439440269889,
        "date": null
      },
      {
        "volume": 0,
        "venue": "XCHI",
        "venueName": "CHX",
        "marketPercent": 0,
        "avgMarketPercent": 0.005951464718102999,
        "date": null
      },
      {
        "volume": 0,
        "venue": "XPHL",
        "venueName": "Nasdaq PSX",
        "marketPercent": 0,
        "avgMarketPercent": 0.006127486308769311,
        "date": null
      },
      {
        "volume": 0,
        "venue": "BATY",
        "venueName": "Cboe BYX",
        "marketPercent": 0,
        "avgMarketPercent": 0.014854854507353254,
        "date": null
      },
      {
        "volume": 0,
        "venue": "IEXG",
        "venueName": "IEX",
        "marketPercent": 0,
        "avgMarketPercent": 0.016029821497183377,
        "date": null
      },
      {
        "volume": 0,
        "venue": "XBOS",
        "venueName": "Nasdaq BX",
        "marketPercent": 0,
        "avgMarketPercent": 0.02413446300117811,
        "date": null
      },
      {
        "volume": 0,
        "venue": "BATS",
        "venueName": "Cboe BZX",
        "marketPercent": 0,
        "avgMarketPercent": 0.04834078929601459,
        "date": null
      },
      {
        "volume": 0,
        "venue": "ARCX",
        "venueName": "NYSE Arca",
        "marketPercent": 0,
        "avgMarketPercent": 0.054080158971378134,
        "date": null
      },
      {
        "volume": 0,
        "venue": "EDGX",
        "venueName": "Cboe EDGX",
        "marketPercent": 0,
        "avgMarketPercent": 0.08764069708134524,
        "date": null
      },
      {
        "volume": 0,
        "venue": "XNGS",
        "venueName": "Nasdaq",
        "marketPercent": 0,
        "avgMarketPercent": 0.2636911015982665,
        "date": null
      },
      {
        "volume": 0,
        "venue": "TRF",
        "venueName": "Off Exchange",
        "marketPercent": 0,
        "avgMarketPercent": 0.47052524868564183,
        "date": null
      }
    ]
  },
  "GOOG": {
    "quote": {
      "symbol": "GOOG",
      "companyName": "Alphabet Inc.",
      "primaryExchange": "Nasdaq Global Select",
      "sector": "Technology",
      "calculationPrice": "close",
      "open": 1159.14,
      "openTime": 1529674200669,
      "close": 1155.48,
      "closeTime": 1529697600482,
      "high": 1162.496,
      "low": 1147.26,
      "latestPrice": 1155.48,
      "latestSource": "Close",
      "latestTime": "June 22, 2018",
      "latestUpdate": 1529697600482,
      "latestVolume": 1270216,
      "iexRealtimePrice": 1154.83,
      "iexRealtimeSize": 46,
      "iexLastUpdated": 1529697599805,
      "delayedPrice": 1155.48,
      "delayedPriceTime": 1529697600482,
      "extendedPrice": 1154.5,
      "extendedChange": -0.98,
      "extendedChangePercent": -0.00085,
      "extendedPriceTime": 1529701049974,
      "previousClose": 1157.66,
      "change": -2.18,
      "changePercent": -0.00188,
      "iexMarketPercent": 0.0232,
      "iexVolume": 29469,
      "avgTotalVolume": 1453505,
      "iexBidPrice": 0,
      "iexBidSize": 0,
      "iexAskPrice": 0,
      "iexAskSize": 0,
      "marketCap": 802537204671,
      "peRatio": 59.26,
      "week52High": 1186.89,
      "week52Low": 894.79,
      "ytdChange": 0.08307774647887325
    },
    "dividends": [],
    "news": [
      {
        "datetime": "2018-06-23T10:17:00-04:00",
        "headline": "Venture Capital Deals Of The Week: Tencent Bets On Online Education",
        "source": "SeekingAlpha",
        "url": "https://api.iextrading.com/1.0/stock/goog/article/8585384147449778",
        "summary": "    Welcome to Seeking Alphas Venture Capital Deals of the Week. Follow this account and turn on the e-mail alert to receive VCDeals in your inbox on Saturday mornings.            Chinese online education:    Tencent ([[TCEHY]], [[TCTZF]]) co-led in a  $500M Series D+ round  in Chinese K-…",
        "related": "CBLK,CHINA001,GOOG,GOOGL,GS,INT31168144,INTC,INTHPINK,MS,MSFT,NASDAQ01,ONL31168,REGN,SYMC,TCEHY,TCTZF,Computing and Information Technology,Venture Capital,VZ",
        "image": "https://api.iextrading.com/1.0/stock/goog/news-image/8585384147449778"
      },
      {
        "datetime": "2018-06-23T07:30:33-04:00",
        "headline": "The Urge To Merge: Possible Implications From The AT&amp;T-Time Warner Ruling",
        "source": "SeekingAlpha",
        "url": "https://api.iextrading.com/1.0/stock/goog/article/8311502369256581",
        "summary": "   A recent US court ruling green-lighting the merger between AT&amp;T (T) and Time Warner (TWX) marked an historic event that some say could open the door to more merger-and-acquisition (M&amp;A) activity ahead. Sara Araghi, CFA, vice president, research analyst, Franklin Equity Group, and Marc …",
        "related": "AMZN,CMCSA,COM308,COM30845,FB,FOX,FOXA,GOOG,GOOGL,Mergers & Acquisitions,NASDAQ01,NFLX,S,T,TEL30845100,TMUS,TWX",
        "image": "https://api.iextrading.com/1.0/stock/goog/news-image/8311502369256581"
      }
    ],
    "peers": [
      "MSFT",
      "AKAM",
      "ADBE",
      "AAPL",
      "EBAY",
      "BIDU",
      "IAC",
      "YNDX",
      "FB",
      "BCOR",
      "XLK"
    ],
    "stats": {
      "companyName": "Alphabet Inc.",
      "marketcap": 804051320975,
      "beta": 1.123028,
      "week52high": 1186.89,
      "week52low": 894.79,
      "week52change": 20.6587,
      "shortInterest": 2827693,
      "shortDate": "2018-05-31",
      "dividendRate": 0,
      "dividendYield": 0,
      "exDividendDate": 0,
      "latestEPS": 18.01,
      "latestEPSDate": "2017-12-31",
      "sharesOutstanding": 694548763,
      "float": 673923008,
      "returnOnEquity": 10.88,
      "consensusEPS": 0,
      "numberOfEstimates": 0,
      "EPSSurpriseDollar": null,
      "EPSSurprisePercent": 0,
      "symbol": "GOOG",
      "EBITDA": 25870000000,
      "revenue": 86105000000,
      "grossProfit": 50317000000,
      "cash": 296727000000,
      "debt": 0,
      "ttmEPS": 19.5,
      "revenuePerShare": 124,
      "revenuePerEmployee": 1012404,
      "peRatioHigh": 0,
      "peRatioLow": 0,
      "returnOnAssets": 8.76,
      "returnOnCapital": null,
      "profitMargin": 15.17,
      "priceToSales": 7.3330894,
      "priceToBook": 5,
      "day200MovingAvg": 1053.8932,
      "day50MovingAvg": 1088.1458,
      "institutionPercent": 32.3,
      "insiderPercent": 3,
      "shortRatio": 1.9519707,
      "year5ChangePercent": 1.069047022168105,
      "year2ChangePercent": 0.6462877740892188,
      "year1ChangePercent": 0.19665696620718937,
      "ytdChangePercent": 0.08495774647887326,
      "month6ChangePercent": 0.0934383102749967,
      "month3ChangePercent": 0.1310825494092426,
      "month1ChangePercent": 0.0701960747992479,
      "day5ChangePercent": -0.015322209534198028,
      "day30ChangePercent": 0.05210059548740738
    },
    "company": {
      "symbol": "GOOG",
      "companyName": "Alphabet Inc.",
      "exchange": "Nasdaq Global Select",
      "industry": "Online Media",
      "website": "https://www.abc.xyz",
      "description": "Alphabet Inc is a provider of internet content products and portals. Its suite of brands includes Search, Android, YouTube, Apps, Maps & Ads.",
      "CEO": "Larry Page",
      "issueType": "cs",
      "sector": "Technology",
      "tags": [
        "Technology",
        "Internet Content & Information",
        "Online Media"
      ]
    },
    "financials": {
      "symbol": "GOOG",
      "financials": [
        {
          "reportDate": "2018-03-31",
          "grossProfit": 17679000000,
          "costOfRevenue": 13467000000,
          "operatingRevenue": 30996000000,
          "totalRevenue": 31146000000,
          "operatingIncome": 7001000000,
          "netIncome": 9401000000,
          "researchAndDevelopment": 5039000000,
          "operatingExpense": 10678000000,
          "currentAssets": 123761000000,
          "totalAssets": 206935000000,
          "totalLiabilities": null,
          "currentCash": 12658000000,
          "currentDebt": 1329000000,
          "totalCash": 102885000000,
          "totalDebt": 5302000000,
          "shareholderEquity": 160825000000,
          "cashChange": 1778000000,
          "cashFlow": 11642000000,
          "operatingGainsLosses": -2992000000
        },
        {
          "reportDate": "2017-12-31",
          "grossProfit": 18056000000,
          "costOfRevenue": 14267000000,
          "operatingRevenue": 27227000000,
          "totalRevenue": 32323000000,
          "operatingIncome": 7664000000,
          "netIncome": -3020000000,
          "researchAndDevelopment": 4306000000,
          "operatingExpense": 10392000000,
          "currentAssets": 124308000000,
          "totalAssets": 197295000000,
          "totalLiabilities": null,
          "currentCash": 10715000000,
          "currentDebt": null,
          "totalCash": 101871000000,
          "totalDebt": null,
          "shareholderEquity": 152502000000,
          "cashChange": 116000000,
          "cashFlow": 10268000000,
          "operatingGainsLosses": 34000000
        },
        {
          "reportDate": "2017-09-30",
          "grossProfit": 16624000000,
          "costOfRevenue": 11148000000,
          "operatingRevenue": 24065000000,
          "totalRevenue": 27772000000,
          "operatingIncome": 7782000000,
          "netIncome": 6732000000,
          "researchAndDevelopment": 4205000000,
          "operatingExpense": 8842000000,
          "currentAssets": 119345000000,
          "totalAssets": 189536000000,
          "totalLiabilities": null,
          "currentCash": 10581000000,
          "currentDebt": null,
          "totalCash": 100143000000,
          "totalDebt": null,
          "shareholderEquity": 157100000000,
          "cashChange": -5238000000,
          "cashFlow": 9872000000,
          "operatingGainsLosses": 76000000
        },
        {
          "reportDate": "2017-06-30",
          "grossProfit": 15637000000,
          "costOfRevenue": 10373000000,
          "operatingRevenue": 22672000000,
          "totalRevenue": 26010000000,
          "operatingIncome": 6868000000,
          "netIncome": 3524000000,
          "researchAndDevelopment": 4172000000,
          "operatingExpense": 8769000000,
          "currentAssets": 112386000000,
          "totalAssets": 178621000000,
          "totalLiabilities": null,
          "currentCash": 15711000000,
          "currentDebt": null,
          "totalCash": 94713000000,
          "totalDebt": null,
          "shareholderEquity": 148286000000,
          "cashChange": -2509000000,
          "cashFlow": 7403000000,
          "operatingGainsLosses": 65000000
        }
      ]
    },
    "splits": [],
    "volume-by-venue": [
      {
        "volume": 0,
        "venue": "XCIS",
        "venueName": "NYSE National",
        "marketPercent": 0,
        "avgMarketPercent": 0.0000642206459458389,
        "date": null
      },
      {
        "volume": 0,
        "venue": "XASE",
        "venueName": "NYSE American",
        "marketPercent": 0,
        "avgMarketPercent": 0.001298871337616563,
        "date": null
      },
      {
        "volume": 0,
        "venue": "XNYS",
        "venueName": "NYSE",
        "marketPercent": 0,
        "avgMarketPercent": 0.004277461904003652,
        "date": null
      },
      {
        "volume": 0,
        "venue": "EDGA",
        "venueName": "Cboe EDGA",
        "marketPercent": 0,
        "avgMarketPercent": 0.00800935298847318,
        "date": null
      },
      {
        "volume": 0,
        "venue": "XCHI",
        "venueName": "CHX",
        "marketPercent": 0,
        "avgMarketPercent": 0.009270218337258046,
        "date": null
      },
      {
        "volume": 0,
        "venue": "XPHL",
        "venueName": "Nasdaq PSX",
        "marketPercent": 0,
        "avgMarketPercent": 0.011142210291595577,
        "date": null
      },
      {
        "volume": 0,
        "venue": "BATY",
        "venueName": "Cboe BYX",
        "marketPercent": 0,
        "avgMarketPercent": 0.02142131487844662,
        "date": null
      },
      {
        "volume": 0,
        "venue": "XBOS",
        "venueName": "Nasdaq BX",
        "marketPercent": 0,
        "avgMarketPercent": 0.022556220985744717,
        "date": null
      },
      {
        "volume": 0,
        "venue": "IEXG",
        "venueName": "IEX",
        "marketPercent": 0,
        "avgMarketPercent": 0.028891128308434332,
        "date": null
      },
      {
        "volume": 0,
        "venue": "ARCX",
        "venueName": "NYSE Arca",
        "marketPercent": 0,
        "avgMarketPercent": 0.06496329726319622,
        "date": null
      },
      {
        "volume": 0,
        "venue": "BATS",
        "venueName": "Cboe BZX",
        "marketPercent": 0,
        "avgMarketPercent": 0.07299762387357951,
        "date": null
      },
      {
        "volume": 0,
        "venue": "EDGX",
        "venueName": "Cboe EDGX",
        "marketPercent": 0,
        "avgMarketPercent": 0.0751893631724246,
        "date": null
      },
      {
        "volume": 0,
        "venue": "TRF",
        "venueName": "Off Exchange",
        "marketPercent": 0,
        "avgMarketPercent": 0.30822708432437285,
        "date": null
      },
      {
        "volume": 0,
        "venue": "XNGS",
        "venueName": "Nasdaq",
        "marketPercent": 0,
        "avgMarketPercent": 0.37170038926053817,
        "date": null
      }
    ]
  },
  "GOOGL": {
    "quote": {
      "symbol": "GOOGL",
      "companyName": "Alphabet Inc.",
      "primaryExchange": "Nasdaq Global Select",
      "sector": "Technology",
      "calculationPrice": "close",
      "open": 1172.89,
      "openTime": 1529674200773,
      "close": 1169.29,
      "closeTime": 1529697600814,
      "high": 1175,
      "low": 1159.65,
      "latestPrice": 1169.29,
      "latestSource": "Close",
      "latestTime": "June 22, 2018",
      "latestUpdate": 1529697600814,
      "latestVolume": 1705082,
      "iexRealtimePrice": 1166.26,
      "iexRealtimeSize": 9,
      "iexLastUpdated": 1529697599959,
      "delayedPrice": 1169.29,
      "delayedPriceTime": 1529697600814,
      "extendedPrice": 1166.694,
      "extendedChange": -2.596,
      "extendedChangePercent": -0.00222,
      "extendedPriceTime": 1529701012274,
      "previousClose": 1169.44,
      "change": -0.15,
      "changePercent": -0.00013,
      "iexMarketPercent": 0.0305,
      "iexVolume": 52005,
      "avgTotalVolume": 1776631,
      "iexBidPrice": 0,
      "iexBidSize": 0,
      "iexAskPrice": 0,
      "iexAskSize": 0,
      "marketCap": 812128923088,
      "peRatio": 34.18,
      "week52High": 1201.49,
      "week52Low": 915.31,
      "ytdChange": 0.08939581507813002
    },
    "dividends": [],
    "news": [
      {
        "datetime": "2018-06-23T10:17:00-04:00",
        "headline": "Venture Capital Deals Of The Week: Tencent Bets On Online Education",
        "source": "SeekingAlpha",
        "url": "https://api.iextrading.com/1.0/stock/googl/article/8585384147449778",
        "summary": "    Welcome to Seeking Alphas Venture Capital Deals of the Week. Follow this account and turn on the e-mail alert to receive VCDeals in your inbox on Saturday mornings.            Chinese online education:    Tencent ([[TCEHY]], [[TCTZF]]) co-led in a  $500M Series D+ round  in Chinese K-…",
        "related": "CBLK,CHINA001,GOOG,GOOGL,GS,INT31168144,INTC,INTHPINK,MS,MSFT,NASDAQ01,ONL31168,REGN,SYMC,TCEHY,TCTZF,Computing and Information Technology,Venture Capital,VZ",
        "image": "https://api.iextrading.com/1.0/stock/googl/news-image/8585384147449778"
      },
      {
        "datetime": "2018-06-23T09:00:00-04:00",
        "headline": "Meet the man whose job it is to reassure people that Google search isn&apos;t evil",
        "source": "CNBC",
        "url": "https://api.iextrading.com/1.0/stock/googl/article/4538125717810457",
        "summary": "No summary available.",
        "related": "FB,GOOGL,TWTR",
        "image": "https://api.iextrading.com/1.0/stock/googl/news-image/4538125717810457"
      },
      {
        "datetime": "2018-06-23T07:30:33-04:00",
        "headline": "The Urge To Merge: Possible Implications From The AT&amp;T-Time Warner Ruling",
        "source": "SeekingAlpha",
        "url": "https://api.iextrading.com/1.0/stock/googl/article/8311502369256581",
        "summary": "   A recent US court ruling green-lighting the merger between AT&amp;T (T) and Time Warner (TWX) marked an historic event that some say could open the door to more merger-and-acquisition (M&amp;A) activity ahead. Sara Araghi, CFA, vice president, research analyst, Franklin Equity Group, and Marc …",
        "related": "AMZN,CMCSA,COM308,COM30845,FB,FOX,FOXA,GOOG,GOOGL,Mergers & Acquisitions,NASDAQ01,NFLX,S,T,TEL30845100,TMUS,TWX",
        "image": "https://api.iextrading.com/1.0/stock/googl/news-image/8311502369256581"
      }
    ],
    "peers": [
      "XLK"
    ],
    "stats": {
      "companyName": "Alphabet Inc.",
      "marketcap": 812233105403,
      "beta": 1.082768,
      "week52high": 1201.49,
      "week52low": 915.31,
      "week52change": 19.5025,
      "shortInterest": 3159592,
      "shortDate": "2018-05-31",
      "dividendRate": 0,
      "dividendYield": 0,
      "exDividendDate": 0,
      "latestEPS": 18.01,
      "latestEPSDate": "2017-12-31",
      "sharesOutstanding": 694548763,
      "float": 673923008,
      "returnOnEquity": 10.88,
      "consensusEPS": 9.21,
      "numberOfEstimates": 13,
      "EPSSurpriseDollar": null,
      "EPSSurprisePercent": 7.8176,
      "symbol": "GOOGL",
      "EBITDA": 25870000000,
      "revenue": 86105000000,
      "grossProfit": 50317000000,
      "cash": 296727000000,
      "debt": 0,
      "ttmEPS": 34.21,
      "revenuePerShare": 124,
      "revenuePerEmployee": 1012404,
      "peRatioHigh": 0,
      "peRatioLow": 0,
      "returnOnAssets": 8.76,
      "returnOnCapital": null,
      "profitMargin": 15.17,
      "priceToSales": 7.407708,
      "priceToBook": 5.06,
      "day200MovingAvg": 1063.1635,
      "day50MovingAvg": 1095.0822,
      "institutionPercent": 29.7,
      "insiderPercent": null,
      "shortRatio": 1.881228,
      "year5ChangePercent": 1.685985961451304,
      "year2ChangePercent": 0.6356680235567306,
      "year1ChangePercent": 0.18578425904329213,
      "ytdChangePercent": 0.08952581507813002,
      "month6ChangePercent": 0.09704930337289493,
      "month3ChangePercent": 0.13904826847206664,
      "month1ChangePercent": 0.0767339496850712,
      "day5ChangePercent": -0.012073539600195986,
      "day30ChangePercent": 0.059734633580452653
    },
    "company": {
      "symbol": "GOOGL",
      "companyName": "Alphabet Inc.",
      "exchange": "Nasdaq Global Select",
      "industry": "Online Media",
      "website": "https://www.abc.xyz",
      "description": "Alphabet Inc is a provider of internet content products and portals. Its suite of brands includes Search, Android, YouTube, Apps, Maps & Ads.",
      "CEO": "Larry Page",
      "issueType": "cs",
      "sector": "Technology",
      "tags": [
        "Technology",
        "Internet Content & Information",
        "Online Media"
      ]
    },
    "financials": {
      "symbol": "GOOGL",
      "financials": [
        {
          "reportDate": "2018-03-31",
          "grossProfit": 17679000000,
          "costOfRevenue": 13467000000,
          "operatingRevenue": 30996000000,
          "totalRevenue": 31146000000,
          "operatingIncome": 7001000000,
          "netIncome": 9401000000,
          "researchAndDevelopment": 5039000000,
          "operatingExpense": 10678000000,
          "currentAssets": 123761000000,
          "totalAssets": 206935000000,
          "totalLiabilities": null,
          "currentCash": 12658000000,
          "currentDebt": 1329000000,
          "totalCash": 102885000000,
          "totalDebt": 5302000000,
          "shareholderEquity": 160825000000,
          "cashChange": 1778000000,
          "cashFlow": 11642000000,
          "operatingGainsLosses": -2992000000
        },
        {
          "reportDate": "2017-12-31",
          "grossProfit": 18056000000,
          "costOfRevenue": 14267000000,
          "operatingRevenue": 27227000000,
          "totalRevenue": 32323000000,
          "operatingIncome": 7664000000,
          "netIncome": -3020000000,
          "researchAndDevelopment": 4306000000,
          "operatingExpense": 10392000000,
          "currentAssets": 124308000000,
          "totalAssets": 197295000000,
          "totalLiabilities": null,
          "currentCash": 10715000000,
          "currentDebt": null,
          "totalCash": 101871000000,
          "totalDebt": null,
          "shareholderEquity": 152502000000,
          "cashChange": 116000000,
          "cashFlow": 10268000000,
          "operatingGainsLosses": 34000000
        },
        {
          "reportDate": "2017-09-30",
          "grossProfit": 16624000000,
          "costOfRevenue": 11148000000,
          "operatingRevenue": 24065000000,
          "totalRevenue": 27772000000,
          "operatingIncome": 7782000000,
          "netIncome": 6732000000,
          "researchAndDevelopment": 4205000000,
          "operatingExpense": 8842000000,
          "currentAssets": 119345000000,
          "totalAssets": 189536000000,
          "totalLiabilities": null,
          "currentCash": 10581000000,
          "currentDebt": null,
          "totalCash": 100143000000,
          "totalDebt": null,
          "shareholderEquity": 157100000000,
          "cashChange": -5238000000,
          "cashFlow": 9872000000,
          "operatingGainsLosses": 76000000
        },
        {
          "reportDate": "2017-06-30",
          "grossProfit": 15637000000,
          "costOfRevenue": 10373000000,
          "operatingRevenue": 22672000000,
          "totalRevenue": 26010000000,
          "operatingIncome": 6868000000,
          "netIncome": 3524000000,
          "researchAndDevelopment": 4172000000,
          "operatingExpense": 8769000000,
          "currentAssets": 112386000000,
          "totalAssets": 178621000000,
          "totalLiabilities": null,
          "currentCash": 15711000000,
          "currentDebt": null,
          "totalCash": 94713000000,
          "totalDebt": null,
          "shareholderEquity": 148286000000,
          "cashChange": -2509000000,
          "cashFlow": 7403000000,
          "operatingGainsLosses": 65000000
        }
      ]
    },
    "splits": [],
    "volume-by-venue": [
      {
        "volume": 0,
        "venue": "XCIS",
        "venueName": "NYSE National",
        "marketPercent": 0,
        "avgMarketPercent": 0.00016481670391733406,
        "date": null
      },
      {
        "volume": 0,
        "venue": "XASE",
        "venueName": "NYSE American",
        "marketPercent": 0,
        "avgMarketPercent": 0.0021147276064760363,
        "date": null
      },
      {
        "volume": 0,
        "venue": "XNYS",
        "venueName": "NYSE",
        "marketPercent": 0,
        "avgMarketPercent": 0.003853720427642636,
        "date": null
      },
      {
        "volume": 0,
        "venue": "EDGA",
        "venueName": "Cboe EDGA",
        "marketPercent": 0,
        "avgMarketPercent": 0.009863185929932666,
        "date": null
      },
      {
        "volume": 0,
        "venue": "XPHL",
        "venueName": "Nasdaq PSX",
        "marketPercent": 0,
        "avgMarketPercent": 0.012942550765358482,
        "date": null
      },
      {
        "volume": 0,
        "venue": "XCHI",
        "venueName": "CHX",
        "marketPercent": 0,
        "avgMarketPercent": 0.017782858307918495,
        "date": null
      },
      {
        "volume": 0,
        "venue": "XBOS",
        "venueName": "Nasdaq BX",
        "marketPercent": 0,
        "avgMarketPercent": 0.021784118439614926,
        "date": null
      },
      {
        "volume": 0,
        "venue": "BATY",
        "venueName": "Cboe BYX",
        "marketPercent": 0,
        "avgMarketPercent": 0.02189468083911218,
        "date": null
      },
      {
        "volume": 0,
        "venue": "IEXG",
        "venueName": "IEX",
        "marketPercent": 0,
        "avgMarketPercent": 0.028603808263642835,
        "date": null
      },
      {
        "volume": 0,
        "venue": "ARCX",
        "venueName": "NYSE Arca",
        "marketPercent": 0,
        "avgMarketPercent": 0.056088689577690004,
        "date": null
      },
      {
        "volume": 0,
        "venue": "BATS",
        "venueName": "Cboe BZX",
        "marketPercent": 0,
        "avgMarketPercent": 0.06417686614151055,
        "date": null
      },
      {
        "volume": 0,
        "venue": "EDGX",
        "venueName": "Cboe EDGX",
        "marketPercent": 0,
        "avgMarketPercent": 0.06767936372362333,
        "date": null
      },
      {
        "volume": 0,
        "venue": "XNGS",
        "venueName": "Nasdaq",
        "marketPercent": 0,
        "avgMarketPercent": 0.3379929751458777,
        "date": null
      },
      {
        "volume": 0,
        "venue": "TRF",
        "venueName": "Off Exchange",
        "marketPercent": 0,
        "avgMarketPercent": 0.35508011319220206,
        "date": null
      }
    ]
  },
  "AMZN": {
    "quote": {
      "symbol": "AMZN",
      "companyName": "Amazon.com Inc.",
      "primaryExchange": "Nasdaq Global Select",
      "sector": "Consumer Cyclical",
      "calculationPrice": "close",
      "open": 1742.62,
      "openTime": 1529674200536,
      "close": 1715.67,
      "closeTime": 1529697600822,
      "high": 1743,
      "low": 1711.9,
      "latestPrice": 1715.67,
      "latestSource": "Close",
      "latestTime": "June 22, 2018",
      "latestUpdate": 1529697600822,
      "latestVolume": 4007025,
      "iexRealtimePrice": 1715.12,
      "iexRealtimeSize": 100,
      "iexLastUpdated": 1529697594686,
      "delayedPrice": 1715.67,
      "delayedPriceTime": 1529697600822,
      "extendedPrice": 1717.04,
      "extendedChange": 1.37,
      "extendedChangePercent": 0.0008,
      "extendedPriceTime": 1529701175585,
      "previousClose": 1730.22,
      "change": -14.55,
      "changePercent": -0.00841,
      "iexMarketPercent": 0.07388,
      "iexVolume": 296039,
      "avgTotalVolume": 3390564,
      "iexBidPrice": 0,
      "iexBidSize": 0,
      "iexAskPrice": 0,
      "iexAskSize": 0,
      "marketCap": 832489242386,
      "peRatio": 270.18,
      "week52High": 1763.1,
      "week52Low": 931.75,
      "ytdChange": 0.43452992481139774
    },
    "dividends": [],
    "news": [
      {
        "datetime": "2018-06-23T07:30:33-04:00",
        "headline": "The Urge To Merge: Possible Implications From The AT&amp;T-Time Warner Ruling",
        "source": "SeekingAlpha",
        "url": "https://api.iextrading.com/1.0/stock/amzn/article/8311502369256581",
        "summary": "   A recent US court ruling green-lighting the merger between AT&amp;T (T) and Time Warner (TWX) marked an historic event that some say could open the door to more merger-and-acquisition (M&amp;A) activity ahead. Sara Araghi, CFA, vice president, research analyst, Franklin Equity Group, and Marc …",
        "related": "AMZN,CMCSA,COM308,COM30845,FB,FOX,FOXA,GOOG,GOOGL,Mergers & Acquisitions,NASDAQ01,NFLX,S,T,TEL30845100,TMUS,TWX",
        "image": "https://api.iextrading.com/1.0/stock/amzn/news-image/8311502369256581"
      },
      {
        "datetime": "2018-06-22T20:18:07-04:00",
        "headline": "S&amp;P 500 Weekly Update: The Anticipated Pause Arrives; This Market Is Offering Plenty Of Opportunities Now",
        "source": "SeekingAlpha",
        "url": "https://api.iextrading.com/1.0/stock/amzn/article/7521108273259003",
        "summary": "    \"The key to making money in stocks is not to get scared out of them.\" -    Peter Lynch          During the course of my investment career, I have been associated with people that have a PhD in this, a PhD in that, and those that have a high school diploma. The successful investor realizes the…",
        "related": "AMZN,DDM,DIA,DOG,DXD,EEH,EPS,EQL,FEX,FWDD,HUSV,IVV,IWL,IWM,JHML,JKD,NASDAQ01,OTPIX,PPLC,PPSC,PSQ,QLD,QQEW,QQQ,QQQE,QQXT,RSP,RWM,RYARX,RYRSX,SCAP,SCHX,SDOW,SDS,SFLA,SH,SMLL,SPDN,SPLX,SPUU,SPXE,SPXL,SPXN,SPXS,SPXT,SPXV,SPY,SQQQ,SRTY,SSO,SYE,TNA,TQQQ,TWM,TZA,UDOW,UDPIX,UPRO,URTY,UWM,VFINX,VOO,VTWO,VV",
        "image": "https://api.iextrading.com/1.0/stock/amzn/news-image/7521108273259003"
      }
    ],
    "peers": [
      "MSFT",
      "COST",
      "EBAY",
      "OSTK",
      "MELI",
      "BKS",
      "WMT",
      "CBS",
      "PRSS",
      "GOOGL"
    ],
    "stats": {
      "companyName": "Amazon.com Inc.",
      "marketcap": 832489242386,
      "beta": 1.624894,
      "week52high": 1763.1,
      "week52low": 931.75,
      "week52change": 71.3443,
      "shortInterest": 4938891,
      "shortDate": "2018-05-31",
      "dividendRate": 0,
      "dividendYield": 0,
      "exDividendDate": 0,
      "latestEPS": 6.16,
      "latestEPSDate": "2017-12-31",
      "sharesOutstanding": 485226904,
      "float": 402758303,
      "returnOnEquity": 14.82,
      "consensusEPS": 1.22,
      "numberOfEstimates": 14,
      "EPSSurpriseDollar": null,
      "EPSSurprisePercent": 168.0328,
      "symbol": "AMZN",
      "EBITDA": 12605000000,
      "revenue": 142152000000,
      "grossProfit": 52657000000,
      "cash": 76747000000,
      "debt": 0,
      "ttmEPS": 6.35,
      "revenuePerShare": 293,
      "revenuePerEmployee": 251152,
      "peRatioHigh": 0,
      "peRatioLow": 0,
      "returnOnAssets": 3.8,
      "returnOnCapital": null,
      "profitMargin": 2.04,
      "priceToSales": 4.3456283,
      "priceToBook": 26.68,
      "day200MovingAvg": 1330.0032,
      "day50MovingAvg": 1608.6073,
      "institutionPercent": 53.5,
      "insiderPercent": 17,
      "shortRatio": 1.5470128,
      "year5ChangePercent": 5.34000960792284,
      "year2ChangePercent": 1.3760109683137602,
      "year1ChangePercent": 0.7092773028872019,
      "ytdChangePercent": 0.44293992481139777,
      "month6ChangePercent": 0.45796084163295836,
      "month3ChangePercent": 0.14717563989408658,
      "month1ChangePercent": 0.0710486559374728,
      "day5ChangePercent": -0.004710550589108819,
      "day30ChangePercent": 0.07034705629137006
    },
    "company": {
      "symbol": "AMZN",
      "companyName": "Amazon.com Inc.",
      "exchange": "Nasdaq Global Select",
      "industry": "Retail - Apparel & Specialty",
      "website": "http://www.amazon.com",
      "description": "Amazon.com Inc is an online retailer. The Company sells its products through the website which provides services, such as advertising services and co-branded credit card agreements. It also offers electronic devices like Kindle e-readers and Fire tablets.",
      "CEO": "Jeffrey P. Bezos",
      "issueType": "cs",
      "sector": "Consumer Cyclical",
      "tags": [
        "Consumer Cyclical",
        "Specialty Retail",
        "Retail - Apparel & Specialty"
      ]
    },
    "financials": {
      "symbol": "AMZN",
      "financials": [
        {
          "reportDate": "2018-03-31",
          "grossProfit": 12515000000,
          "costOfRevenue": 38527000000,
          "operatingRevenue": 51042000000,
          "totalRevenue": 51042000000,
          "operatingIncome": 1927000000,
          "netIncome": 1629000000,
          "researchAndDevelopment": 6759000000,
          "operatingExpense": 10588000000,
          "currentAssets": 50829000000,
          "totalAssets": 126362000000,
          "totalLiabilities": null,
          "currentCash": 17616000000,
          "currentDebt": null,
          "totalCash": 24963000000,
          "totalDebt": null,
          "shareholderEquity": 31463000000,
          "cashChange": -4488000000,
          "cashFlow": -1791000000,
          "operatingGainsLosses": -128000000
        },
        {
          "reportDate": "2017-12-31",
          "grossProfit": 12984000000,
          "costOfRevenue": 47469000000,
          "operatingRevenue": 60453000000,
          "totalRevenue": 60453000000,
          "operatingIncome": 2127000000,
          "netIncome": 1857000000,
          "researchAndDevelopment": 6314000000,
          "operatingExpense": 10857000000,
          "currentAssets": 60197000000,
          "totalAssets": 131310000000,
          "totalLiabilities": null,
          "currentCash": 20522000000,
          "currentDebt": null,
          "totalCash": 30986000000,
          "totalDebt": null,
          "shareholderEquity": 27709000000,
          "cashChange": 7665000000,
          "cashFlow": 12344000000,
          "operatingGainsLosses": 52000000
        },
        {
          "reportDate": "2017-09-30",
          "grossProfit": 9775000000,
          "costOfRevenue": 33969000000,
          "operatingRevenue": 43744000000,
          "totalRevenue": 43744000000,
          "operatingIncome": 347000000,
          "netIncome": 256000000,
          "researchAndDevelopment": 5944000000,
          "operatingExpense": 9428000000,
          "currentAssets": 48578000000,
          "totalAssets": 115267000000,
          "totalLiabilities": null,
          "currentCash": 12767000000,
          "currentDebt": null,
          "totalCash": 24310000000,
          "totalDebt": null,
          "shareholderEquity": 24658000000,
          "cashChange": -584000000,
          "cashFlow": 3851000000,
          "operatingGainsLosses": -85000000
        },
        {
          "reportDate": "2017-06-30",
          "grossProfit": 9346000000,
          "costOfRevenue": 28609000000,
          "operatingRevenue": 37955000000,
          "totalRevenue": 37955000000,
          "operatingIncome": 628000000,
          "netIncome": 197000000,
          "researchAndDevelopment": 5549000000,
          "operatingExpense": 8718000000,
          "currentAssets": 41007000000,
          "totalAssets": 87781000000,
          "totalLiabilities": null,
          "currentCash": 13203000000,
          "currentDebt": null,
          "totalCash": 21451000000,
          "totalDebt": null,
          "shareholderEquity": 23214000000,
          "cashChange": -2485000000,
          "cashFlow": 3829000000,
          "operatingGainsLosses": -60000000
        }
      ]
    },
    "splits": [],
    "volume-by-venue": [
      {
        "volume": 0,
        "venue": "XCIS",
        "venueName": "NYSE National",
        "marketPercent": 0,
        "avgMarketPercent": 0.0000337836564945953,
        "date": null
      },
      {
        "volume": 0,
        "venue": "XASE",
        "venueName": "NYSE American",
        "marketPercent": 0,
        "avgMarketPercent": 0.001126833728879701,
        "date": null
      },
      {
        "volume": 0,
        "venue": "XNYS",
        "venueName": "NYSE",
        "marketPercent": 0,
        "avgMarketPercent": 0.0027815469870323753,
        "date": null
      },
      {
        "volume": 0,
        "venue": "EDGA",
        "venueName": "Cboe EDGA",
        "marketPercent": 0,
        "avgMarketPercent": 0.006223838141282717,
        "date": null
      },
      {
        "volume": 0,
        "venue": "XPHL",
        "venueName": "Nasdaq PSX",
        "marketPercent": 0,
        "avgMarketPercent": 0.009542160336776231,
        "date": null
      },
      {
        "volume": 0,
        "venue": "BATY",
        "venueName": "Cboe BYX",
        "marketPercent": 0,
        "avgMarketPercent": 0.012310506444849323,
        "date": null
      },
      {
        "volume": 0,
        "venue": "IEXG",
        "venueName": "IEX",
        "marketPercent": 0,
        "avgMarketPercent": 0.01844812391802611,
        "date": null
      },
      {
        "volume": 0,
        "venue": "XBOS",
        "venueName": "Nasdaq BX",
        "marketPercent": 0,
        "avgMarketPercent": 0.020504478442316624,
        "date": null
      },
      {
        "volume": 0,
        "venue": "XCHI",
        "venueName": "CHX",
        "marketPercent": 0,
        "avgMarketPercent": 0.022226531739452885,
        "date": null
      },
      {
        "volume": 0,
        "venue": "BATS",
        "venueName": "Cboe BZX",
        "marketPercent": 0,
        "avgMarketPercent": 0.06161972962198081,
        "date": null
      },
      {
        "volume": 0,
        "venue": "ARCX",
        "venueName": "NYSE Arca",
        "marketPercent": 0,
        "avgMarketPercent": 0.06965289211073458,
        "date": null
      },
      {
        "volume": 0,
        "venue": "EDGX",
        "venueName": "Cboe EDGX",
        "marketPercent": 0,
        "avgMarketPercent": 0.07286266364702534,
        "date": null
      },
      {
        "volume": 0,
        "venue": "XNGS",
        "venueName": "Nasdaq",
        "marketPercent": 0,
        "avgMarketPercent": 0.29810974556298925,
        "date": null
      },
      {
        "volume": 0,
        "venue": "TRF",
        "venueName": "Off Exchange",
        "marketPercent": 0,
        "avgMarketPercent": 0.40456177223691225,
        "date": null
      }
    ]
  },
  "BAC": {
    "quote": {
      "symbol": "BAC",
      "companyName": "Bank of America Corporation",
      "primaryExchange": "New York Stock Exchange",
      "sector": "Financial Services",
      "calculationPrice": "close",
      "open": 29.46,
      "openTime": 1529674222000,
      "close": 28.99,
      "closeTime": 1529697629630,
      "high": 29.52,
      "low": 28.99,
      "latestPrice": 28.99,
      "latestSource": "Close",
      "latestTime": "June 22, 2018",
      "latestUpdate": 1529697629630,
      "latestVolume": 75586830,
      "iexRealtimePrice": 29.005,
      "iexRealtimeSize": 19,
      "iexLastUpdated": 1529697598266,
      "delayedPrice": 28.99,
      "delayedPriceTime": 1529697629630,
      "extendedPrice": 29,
      "extendedChange": 0.01,
      "extendedChangePercent": 0.00034,
      "extendedPriceTime": 1529701198576,
      "previousClose": 29.29,
      "change": -0.3,
      "changePercent": -0.01024,
      "iexMarketPercent": 0.00896,
      "iexVolume": 677258,
      "avgTotalVolume": 63260665,
      "iexBidPrice": 0,
      "iexBidSize": 0,
      "iexAskPrice": 0,
      "iexAskSize": 0,
      "marketCap": 293939884462,
      "peRatio": 14.28,
      "week52High": 33.05,
      "week52Low": 22.73,
      "ytdChange": -0.033059968314962856
    },
    "dividends": [],
    "news": [
      {
        "datetime": "2018-06-23T08:49:01-04:00",
        "headline": "Stocks To Watch: More Trade Tiffs And Stress Tests",
        "source": "SeekingAlpha",
        "url": "https://api.iextrading.com/1.0/stock/bac/article/6760303659789651",
        "summary": "   Welcome to Seeking Alpha's Stocks to Watch - a preview of key events scheduled for the next week. Follow this account and turn the e-mail alert on to receive this article in your inbox every Saturday morning.  Trade battles are set to dominate another week's action, with a set of hair-trigger …",
        "related": "AAPL,ACN,AKAM,AKAO,ATRC,BAC,BBBY,BIDU,BIIB,BJ,BLK,BV,C,CAG,CBAY,CCL,CHINA001,CMCSA,CMG,Computer Hardware,CON31167138,COOL,CTRV,DIS,DRRX,EVER,FII,FTSV,GAIN,GBLK,GIS,GS,GWPH,HEI,INFO,INTHPINK,JPM,LEA,MCK,MD,Meetings,MKC,MNKD,NASDAQ01,NKE,NSM,NTGN,NTRA,NTRS,PAYX,PIR,PPC,PRGS,PS,PTIE,QCOM,RAD,S,SBHMY,SBKO,SNE,SNX,SONC,SRE,STIM,STZ,TBIO,TCDA,Computing and Information Technology,TEGP,TEP,TMCXU,TMUS,TWTR,VTIQU,WBA,WFC,WMIH",
        "image": "https://api.iextrading.com/1.0/stock/bac/news-image/6760303659789651"
      }
    ],
    "peers": [
      "TRMK",
      "BCS",
      "BBT",
      "WFC",
      "TCF",
      "JPM",
      "USB",
      "C"
    ],
    "stats": {
      "companyName": "Bank of America Corporation",
      "marketcap": 293939884462,
      "beta": 1.30737,
      "week52high": 33.05,
      "week52low": 22.73,
      "week52change": 28.6186,
      "shortInterest": 128834868,
      "shortDate": "2018-05-31",
      "dividendRate": 0.48,
      "dividendYield": 1.6557434,
      "exDividendDate": "2018-05-31 00:00:00.0",
      "latestEPS": 1.6,
      "latestEPSDate": "2017-12-31",
      "sharesOutstanding": 10139354414,
      "float": 10123673544,
      "returnOnEquity": 7.35,
      "consensusEPS": 0.59,
      "numberOfEstimates": 8,
      "EPSSurpriseDollar": null,
      "EPSSurprisePercent": 5.0847,
      "symbol": "BAC",
      "EBITDA": 0,
      "revenue": 65104000000,
      "grossProfit": 0,
      "cash": 0,
      "debt": 781830000000,
      "ttmEPS": 2.03,
      "revenuePerShare": 6,
      "revenuePerEmployee": 313000,
      "peRatioHigh": 0,
      "peRatioLow": 0,
      "returnOnAssets": 0.78,
      "returnOnCapital": null,
      "profitMargin": 19.77,
      "priceToSales": 2.8979478,
      "priceToBook": 1.23,
      "day200MovingAvg": 28.9633,
      "day50MovingAvg": 29.87276,
      "institutionPercent": 61.6,
      "insiderPercent": null,
      "shortRatio": 1.986865,
      "year5ChangePercent": 1.5021145845920143,
      "year2ChangePercent": 1.1316803435395157,
      "year1ChangePercent": 0.29238478204659535,
      "ytdChangePercent": -0.022819968314962857,
      "month6ChangePercent": -0.018884526871531065,
      "month3ChangePercent": -0.0021100604792213358,
      "month1ChangePercent": -0.043742433888264,
      "day5ChangePercent": -0.013945578231292522,
      "day30ChangePercent": -0.05858895506296646
    },
    "company": {
      "symbol": "BAC",
      "companyName": "Bank of America Corporation",
      "exchange": "New York Stock Exchange",
      "industry": "Banks",
      "website": "http://www.bankofamerica.com",
      "description": "Bank of America Corporation is a bank holding and a financial holding company. The company provides financial products and services to people, companies and institutional investors.",
      "CEO": "Brian T. Moynihan",
      "issueType": "cs",
      "sector": "Financial Services",
      "tags": [
        "Financial Services",
        "Banks - Global",
        "Banks"
      ]
    },
    "financials": {
      "symbol": "BAC",
      "financials": [
        {
          "reportDate": "2018-03-31",
          "grossProfit": null,
          "costOfRevenue": null,
          "operatingRevenue": null,
          "totalRevenue": 23125000000,
          "operatingIncome": null,
          "netIncome": 6918000000,
          "researchAndDevelopment": null,
          "operatingExpense": null,
          "currentAssets": null,
          "totalAssets": 2328478000000,
          "totalLiabilities": null,
          "currentCash": 204241000000,
          "currentDebt": 38073000000,
          "totalCash": null,
          "totalDebt": 270329000000,
          "shareholderEquity": 266224000000,
          "cashChange": 46107000000,
          "cashFlow": 40354000000,
          "operatingGainsLosses": -2000000
        },
        {
          "reportDate": "2017-12-31",
          "grossProfit": null,
          "costOfRevenue": null,
          "operatingRevenue": null,
          "totalRevenue": 20436000000,
          "operatingIncome": null,
          "netIncome": 2520000000,
          "researchAndDevelopment": null,
          "operatingExpense": null,
          "currentAssets": null,
          "totalAssets": 2281234000000,
          "totalLiabilities": null,
          "currentCash": 157434000000,
          "currentDebt": 32666000000,
          "totalCash": null,
          "totalDebt": 260068000000,
          "shareholderEquity": 267146000000,
          "cashChange": -15174000000,
          "cashFlow": -7048000000,
          "operatingGainsLosses": 23000000
        },
        {
          "reportDate": "2017-09-30",
          "grossProfit": null,
          "costOfRevenue": null,
          "operatingRevenue": null,
          "totalRevenue": 21839000000,
          "operatingIncome": null,
          "netIncome": 5587000000,
          "researchAndDevelopment": null,
          "operatingExpense": null,
          "currentAssets": null,
          "totalAssets": 2283896000000,
          "totalLiabilities": null,
          "currentCash": 172381000000,
          "currentDebt": 32679000000,
          "totalCash": null,
          "totalDebt": 261345000000,
          "shareholderEquity": 272459000000,
          "cashChange": 13263000000,
          "cashFlow": 20471000000,
          "operatingGainsLosses": -125000000
        },
        {
          "reportDate": "2017-06-30",
          "grossProfit": null,
          "costOfRevenue": null,
          "operatingRevenue": null,
          "totalRevenue": 22829000000,
          "operatingIncome": null,
          "netIncome": 5269000000,
          "researchAndDevelopment": null,
          "operatingExpense": null,
          "currentAssets": null,
          "totalAssets": 2254529000000,
          "totalLiabilities": null,
          "currentCash": 158704000000,
          "currentDebt": 36494000000,
          "totalCash": null,
          "totalDebt": 260416000000,
          "shareholderEquity": 270987000000,
          "cashChange": -9972000000,
          "cashFlow": 9969000000,
          "operatingGainsLosses": -101000000
        }
      ]
    },
    "splits": [],
    "volume-by-venue": [
      {
        "volume": 0,
        "venue": "XCIS",
        "venueName": "NYSE National",
        "marketPercent": 0,
        "avgMarketPercent": 0.0005271615214966149,
        "date": null
      },
      {
        "volume": 0,
        "venue": "XASE",
        "venueName": "NYSE American",
        "marketPercent": 0,
        "avgMarketPercent": 0.0017052107861324308,
        "date": null
      },
      {
        "volume": 0,
        "venue": "XCHI",
        "venueName": "CHX",
        "marketPercent": 0,
        "avgMarketPercent": 0.007107357760167871,
        "date": null
      },
      {
        "volume": 0,
        "venue": "XPHL",
        "venueName": "Nasdaq PSX",
        "marketPercent": 0,
        "avgMarketPercent": 0.00956611373877736,
        "date": null
      },
      {
        "volume": 0,
        "venue": "EDGA",
        "venueName": "Cboe EDGA",
        "marketPercent": 0,
        "avgMarketPercent": 0.011763166566426508,
        "date": null
      },
      {
        "volume": 0,
        "venue": "IEXG",
        "venueName": "IEX",
        "marketPercent": 0,
        "avgMarketPercent": 0.019339218836580435,
        "date": null
      },
      {
        "volume": 0,
        "venue": "XBOS",
        "venueName": "Nasdaq BX",
        "marketPercent": 0,
        "avgMarketPercent": 0.026082937248241806,
        "date": null
      },
      {
        "volume": 0,
        "venue": "BATS",
        "venueName": "Cboe BZX",
        "marketPercent": 0,
        "avgMarketPercent": 0.04879334944755184,
        "date": null
      },
      {
        "volume": 0,
        "venue": "EDGX",
        "venueName": "Cboe EDGX",
        "marketPercent": 0,
        "avgMarketPercent": 0.06766805888470682,
        "date": null
      },
      {
        "volume": 0,
        "venue": "ARCX",
        "venueName": "NYSE Arca",
        "marketPercent": 0,
        "avgMarketPercent": 0.06804222707944552,
        "date": null
      },
      {
        "volume": 0,
        "venue": "BATY",
        "venueName": "Cboe BYX",
        "marketPercent": 0,
        "avgMarketPercent": 0.07499028963860872,
        "date": null
      },
      {
        "volume": 0,
        "venue": "XNGS",
        "venueName": "Nasdaq",
        "marketPercent": 0,
        "avgMarketPercent": 0.0818608891539218,
        "date": null
      },
      {
        "volume": 0,
        "venue": "XNYS",
        "venueName": "NYSE",
        "marketPercent": 0,
        "avgMarketPercent": 0.25484469376687735,
        "date": null
      },
      {
        "volume": 0,
        "venue": "TRF",
        "venueName": "Off Exchange",
        "marketPercent": 0,
        "avgMarketPercent": 0.32778121110987907,
        "date": null
      }
    ]
  },
  "BABA": {
    "quote": {
      "symbol": "BABA",
      "companyName": "Alibaba Group Holding Limited",
      "primaryExchange": "New York Stock Exchange",
      "sector": "Consumer Cyclical",
      "calculationPrice": "close",
      "open": 203.46,
      "openTime": 1529674236848,
      "close": 202.01,
      "closeTime": 1529697706689,
      "high": 203.8,
      "low": 200.25,
      "latestPrice": 202.01,
      "latestSource": "Close",
      "latestTime": "June 22, 2018",
      "latestUpdate": 1529697706689,
      "latestVolume": 9536669,
      "iexRealtimePrice": 201.87,
      "iexRealtimeSize": 100,
      "iexLastUpdated": 1529697599911,
      "delayedPrice": 202.01,
      "delayedPriceTime": 1529697706689,
      "extendedPrice": 201.88,
      "extendedChange": -0.13,
      "extendedChangePercent": -0.00064,
      "extendedPriceTime": 1529701130165,
      "previousClose": 202.21,
      "change": -0.2,
      "changePercent": -0.00099,
      "iexMarketPercent": 0.01549,
      "iexVolume": 147723,
      "avgTotalVolume": 16546305,
      "iexBidPrice": 0,
      "iexBidSize": 0,
      "iexAskPrice": 0,
      "iexAskSize": 0,
      "marketCap": 518324212396,
      "peRatio": 66.23,
      "week52High": 211.7,
      "week52Low": 137.52,
      "ytdChange": 0.0989827742989381
    },
    "dividends": [],
    "news": [
      {
        "datetime": "2018-06-22T02:17:03-04:00",
        "headline": "Take That: (The U.S.) Rule The World",
        "source": "SeekingAlpha",
        "url": "https://api.iextrading.com/1.0/stock/baba/article/4815510330110445",
        "summary": "   Background   One of the comments in the thread of my \"  Beware! 3 Indicators You Mustn't Ignore  \" article says the following (partial extract):     As far as the obsessive worry over trade wars, the main nations involved, Mexico, the EU, and China, need us 10-times more than we need them. The…",
        "related": "AAPL,AMZN,BABA,BCS,BIDU,CENTAMER,CHINA001,Computer Hardware,CON31167138,CS,DB,DDM,DIA,DOG,DXD,EEH,EPS,EQL,EWG,EWI,EWP,EWQ,EWU,FB,FEX,FWDD,GOOG,GOOGL,HUSV,HYG,ING,INTHPINK,IVV,IWL,IWM,JHML,JKD,JNK,JPM,MSFT,NASDAQ01,NEWMEXIC,OTPIX,PSQ,QID,QLD,QQEW,QQQ,QQQE,QQXT,RSP,RWM,RYARX,RYRSX,SAMERICA,SAN,SCHX,SDOW,SDS,SFLA,SH,SMLL,SPDN,SPLX,SPUU,SPXE,SPXL,SPXN,SPXS,SPXT,SPXU,SPY,SQQQ,SRTY,SSO,SYE,TCEHY,Computing and Information Technology,TNA,TQQQ,TUR,TWM,TZA,UDOW,UDPIX,UPRO,URTY,UWM,VFINX,VOO,VTWO,VV",
        "image": "https://api.iextrading.com/1.0/stock/baba/news-image/4815510330110445"
      }
    ],
    "peers": [
      "AMZN",
      "EBAY",
      "OSTK"
    ],
    "stats": {
      "companyName": "Alibaba Group Holding Limited",
      "marketcap": 518324212396,
      "beta": 2.541043,
      "week52high": 211.7,
      "week52low": 137.52,
      "week52change": 41.9906,
      "shortInterest": 123646341,
      "shortDate": "2018-05-31",
      "dividendRate": 0,
      "dividendYield": 0,
      "exDividendDate": 0,
      "latestEPS": 3.9,
      "latestEPSDate": "2018-03-31",
      "sharesOutstanding": 2565834426,
      "float": 2565834426,
      "returnOnEquity": 19.72,
      "consensusEPS": 0.73,
      "numberOfEstimates": 4,
      "EPSSurpriseDollar": null,
      "EPSSurprisePercent": 28.7671,
      "symbol": "BABA",
      "EBITDA": 14799986580,
      "revenue": 28454765190,
      "grossProfit": 17178509100,
      "cash": 81778668650,
      "debt": 47440873680,
      "ttmEPS": 3.05,
      "revenuePerShare": 11,
      "revenuePerEmployee": 445937,
      "peRatioHigh": 0,
      "peRatioLow": 0,
      "returnOnAssets": 10.37,
      "returnOnCapital": null,
      "profitMargin": 24.36,
      "priceToSales": 13.544554,
      "priceToBook": 9.6,
      "day200MovingAvg": 184.86595,
      "day50MovingAvg": 193.8882,
      "institutionPercent": 33,
      "insiderPercent": null,
      "shortRatio": 6.459089,
      "year5ChangePercent": 1.1515603365640643,
      "year2ChangePercent": 1.5525650745514277,
      "year1ChangePercent": 0.4125585623382981,
      "ytdChangePercent": 0.09997277429893811,
      "month6ChangePercent": 0.17222770266349433,
      "month3ChangePercent": 0.11484547461368655,
      "month1ChangePercent": 0.02647357723577225,
      "day5ChangePercent": -0.03145227022102892,
      "day30ChangePercent": 0.039359950607120685
    },
    "company": {
      "symbol": "BABA",
      "companyName": "Alibaba Group Holding Limited",
      "exchange": "New York Stock Exchange",
      "industry": "Retail - Apparel & Specialty",
      "website": "http://www.alibabagroup.com",
      "description": "Alibaba Group Holding Ltd is an online and mobile commerce company. It operates China's most popular online marketplaces such as Taobao (C2C), Tmall (B2C), and Juhuasuan. It also engages in advertising, digital media, cloud computing, and other.",
      "CEO": "Yong Daniel Zhang",
      "issueType": "cs",
      "sector": "Consumer Cyclical",
      "tags": [
        "Consumer Cyclical",
        "Specialty Retail",
        "Retail - Apparel & Specialty"
      ]
    },
    "financials": {
      "symbol": "BABA",
      "financials": [
        {
          "reportDate": "2018-03-31",
          "grossProfit": 4680964820,
          "costOfRevenue": 5170248760,
          "operatingRevenue": 9851213580,
          "totalRevenue": 9851213580,
          "operatingIncome": 1466738365,
          "netIncome": 1219869485,
          "researchAndDevelopment": 1063508590,
          "operatingExpense": 3214226455,
          "currentAssets": null,
          "totalAssets": null,
          "totalLiabilities": null,
          "currentCash": 31703086085,
          "currentDebt": null,
          "totalCash": null,
          "totalDebt": null,
          "shareholderEquity": null,
          "cashChange": -1628984665,
          "cashFlow": 2255541700,
          "operatingGainsLosses": null
        },
        {
          "reportDate": "2017-12-31",
          "grossProfit": 7372312500,
          "costOfRevenue": 5393242500,
          "operatingRevenue": 12765555000,
          "totalRevenue": 12765555000,
          "operatingIncome": 4072837500,
          "netIncome": 3701223750,
          "researchAndDevelopment": 966933750,
          "operatingExpense": 3299475000,
          "currentAssets": 41249587500,
          "totalAssets": 109382670000,
          "totalLiabilities": null,
          "currentCash": 32625135000,
          "currentDebt": 991226250,
          "totalCash": 34460295000,
          "totalDebt": 19884641250,
          "shareholderEquity": 53806503750,
          "cashChange": 9988830000,
          "cashFlow": 8482848750,
          "operatingGainsLosses": null
        },
        {
          "reportDate": "2017-09-30",
          "grossProfit": 4977770400,
          "costOfRevenue": 3306790590,
          "operatingRevenue": 8284560990,
          "totalRevenue": 8284560990,
          "operatingIncome": 2492492280,
          "netIncome": 2655412060,
          "researchAndDevelopment": 763949485,
          "operatingExpense": 2485278120,
          "currentAssets": 30757571160,
          "totalAssets": 86994353080,
          "totalLiabilities": null,
          "currentCash": 22355780070,
          "currentDebt": 2458976495,
          "totalCash": 24800177950,
          "totalDebt": 13787161530,
          "shareholderEquity": 48420840740,
          "cashChange": 662500360,
          "cashFlow": 4585049565,
          "operatingGainsLosses": null
        },
        {
          "reportDate": "2017-06-30",
          "grossProfit": 4828426200,
          "costOfRevenue": 2576223000,
          "operatingRevenue": 7404649200,
          "totalRevenue": 7404649200,
          "operatingIncome": 2584043150,
          "netIncome": 2166476650,
          "researchAndDevelopment": 692894800,
          "operatingExpense": 2244383050,
          "currentAssets": 27502434700,
          "totalAssets": 80225000700,
          "totalLiabilities": null,
          "currentCash": 21415997200,
          "currentDebt": 2427935250,
          "totalCash": 22518195700,
          "totalDebt": 13769070900,
          "shareholderEquity": 44061381000,
          "cashChange": 369612750,
          "cashFlow": 3734638050,
          "operatingGainsLosses": null
        }
      ]
    },
    "splits": [],
    "volume-by-venue": [
      {
        "volume": 0,
        "venue": "XCIS",
        "venueName": "NYSE National",
        "marketPercent": 0,
        "avgMarketPercent": 0.00004458568627579237,
        "date": null
      },
      {
        "volume": 0,
        "venue": "XASE",
        "venueName": "NYSE American",
        "marketPercent": 0,
        "avgMarketPercent": 0.001924710882516086,
        "date": null
      },
      {
        "volume": 0,
        "venue": "XPHL",
        "venueName": "Nasdaq PSX",
        "marketPercent": 0,
        "avgMarketPercent": 0.0029981584765764813,
        "date": null
      },
      {
        "volume": 0,
        "venue": "EDGA",
        "venueName": "Cboe EDGA",
        "marketPercent": 0,
        "avgMarketPercent": 0.005528101994279171,
        "date": null
      },
      {
        "volume": 0,
        "venue": "IEXG",
        "venueName": "IEX",
        "marketPercent": 0,
        "avgMarketPercent": 0.01836641621883278,
        "date": null
      },
      {
        "volume": 0,
        "venue": "BATY",
        "venueName": "Cboe BYX",
        "marketPercent": 0,
        "avgMarketPercent": 0.02014325920569949,
        "date": null
      },
      {
        "volume": 0,
        "venue": "XCHI",
        "venueName": "CHX",
        "marketPercent": 0,
        "avgMarketPercent": 0.02354049619976278,
        "date": null
      },
      {
        "volume": 0,
        "venue": "XBOS",
        "venueName": "Nasdaq BX",
        "marketPercent": 0,
        "avgMarketPercent": 0.027499857588916234,
        "date": null
      },
      {
        "volume": 0,
        "venue": "BATS",
        "venueName": "Cboe BZX",
        "marketPercent": 0,
        "avgMarketPercent": 0.0529589426540065,
        "date": null
      },
      {
        "volume": 0,
        "venue": "ARCX",
        "venueName": "NYSE Arca",
        "marketPercent": 0,
        "avgMarketPercent": 0.07102272842044507,
        "date": null
      },
      {
        "volume": 0,
        "venue": "EDGX",
        "venueName": "Cboe EDGX",
        "marketPercent": 0,
        "avgMarketPercent": 0.08353581853503399,
        "date": null
      },
      {
        "volume": 0,
        "venue": "XNGS",
        "venueName": "Nasdaq",
        "marketPercent": 0,
        "avgMarketPercent": 0.08957950215922242,
        "date": null
      },
      {
        "volume": 0,
        "venue": "XNYS",
        "venueName": "NYSE",
        "marketPercent": 0,
        "avgMarketPercent": 0.23162589851542412,
        "date": null
      },
      {
        "volume": 0,
        "venue": "TRF",
        "venueName": "Off Exchange",
        "marketPercent": 0,
        "avgMarketPercent": 0.37123760325796057,
        "date": null
      }
    ]
  },
  "AMD": {
    "quote": {
      "symbol": "AMD",
      "companyName": "Advanced Micro Devices Inc.",
      "primaryExchange": "NASDAQ Capital Market",
      "sector": "Technology",
      "calculationPrice": "close",
      "open": 15.85,
      "openTime": 1529674200353,
      "close": 15.8,
      "closeTime": 1529697600537,
      "high": 15.91,
      "low": 15.56,
      "latestPrice": 15.8,
      "latestSource": "Close",
      "latestTime": "June 22, 2018",
      "latestUpdate": 1529697600537,
      "latestVolume": 59202266,
      "iexRealtimePrice": 15.775,
      "iexRealtimeSize": 200,
      "iexLastUpdated": 1529697599317,
      "delayedPrice": 15.8,
      "delayedPriceTime": 1529697600537,
      "extendedPrice": 15.76,
      "extendedChange": -0.04,
      "extendedChangePercent": -0.00253,
      "extendedPriceTime": 1529701145477,
      "previousClose": 15.65,
      "change": 0.15,
      "changePercent": 0.00958,
      "iexMarketPercent": 0.01015,
      "iexVolume": 600903,
      "avgTotalVolume": 67198575,
      "iexBidPrice": 0,
      "iexBidSize": 0,
      "iexAskPrice": 0,
      "iexAskSize": 0,
      "marketCap": 15315635010,
      "peRatio": 75.24,
      "week52High": 17.34,
      "week52Low": 9.04,
      "ytdChange": 0.4485599635701275
    },
    "dividends": [],
    "news": [
      {
        "datetime": "2018-06-22T07:30:00-04:00",
        "headline": "Hype Vs. Hope",
        "source": "SeekingAlpha",
        "url": "https://api.iextrading.com/1.0/stock/amd/article/7758694171905094",
        "summary": "   For every exciting new company or trend that will last, there are probably 5 or 10 others that will go bust or end up much smaller than the initial hope. Part of the challenge in investing in these sorts of companies, especially in the fast-changing technology industry, is to separate the winn…",
        "related": "AMD,ENPH,GOOG,GOOGL,INTC,NASDAQ01,NVDA,SCEQPMAT,SEDG,SEM31169,Computing and Information Technology,TSLA",
        "image": "https://api.iextrading.com/1.0/stock/amd/news-image/7758694171905094"
      }
    ],
    "peers": [
      "INTC",
      "MCHP",
      "NVDA",
      "TXN",
      "HPQ",
      "XLK"
    ],
    "stats": {
      "companyName": "Advanced Micro Devices Inc.",
      "marketcap": 15315635010,
      "beta": 2.833539,
      "week52high": 17.34,
      "week52low": 9.04,
      "week52change": 9.8748,
      "shortInterest": 174573406,
      "shortDate": "2018-05-31",
      "dividendRate": 0,
      "dividendYield": 0,
      "exDividendDate": 0,
      "latestEPS": 0.07,
      "latestEPSDate": "2017-12-31",
      "sharesOutstanding": 969343988,
      "float": 957284489,
      "returnOnEquity": 27.94,
      "consensusEPS": 0.06,
      "numberOfEstimates": 7,
      "EPSSurpriseDollar": null,
      "EPSSurprisePercent": 33.3333,
      "symbol": "AMD",
      "EBITDA": 339000000,
      "revenue": 4345000000,
      "grossProfit": 1492000000,
      "cash": 2908000000,
      "debt": 4238000000,
      "ttmEPS": 0.21000000000000002,
      "revenuePerShare": 4,
      "revenuePerEmployee": 488202,
      "peRatioHigh": 0,
      "peRatioLow": 0,
      "returnOnAssets": 4.45,
      "returnOnCapital": null,
      "profitMargin": 3.29,
      "priceToSales": 2.5317478,
      "priceToBook": 21.22,
      "day200MovingAvg": 12.0769,
      "day50MovingAvg": 12.9966,
      "institutionPercent": 60.9,
      "insiderPercent": 1.2,
      "shortRatio": 3.7517264,
      "year5ChangePercent": 2.9012345679012346,
      "year2ChangePercent": 2.0326295585412666,
      "year1ChangePercent": 0.11503175723359216,
      "ytdChangePercent": 0.43897996357012753,
      "month6ChangePercent": 0.5105162523900573,
      "month3ChangePercent": 0.48635936030103477,
      "month1ChangePercent": 0.20610687022900773,
      "day5ChangePercent": -0.07656341320864984,
      "day30ChangePercent": 0.32217573221757334
    },
    "company": {
      "symbol": "AMD",
      "companyName": "Advanced Micro Devices Inc.",
      "exchange": "NASDAQ Capital Market",
      "industry": "Semiconductors",
      "website": "http://www.amd.com",
      "description": "Advanced Micro Devices Inc designs and produces microprocessors and low-power processor solutions for the computer, communications, and consumer electronics industries.",
      "CEO": "Lisa T. Su",
      "issueType": "cs",
      "sector": "Technology",
      "tags": [
        "Technology",
        "Semiconductors"
      ]
    },
    "financials": {
      "symbol": "AMD",
      "financials": [
        {
          "reportDate": "2018-03-31",
          "grossProfit": 597000000,
          "costOfRevenue": 1050000000,
          "operatingRevenue": 1647000000,
          "totalRevenue": 1647000000,
          "operatingIncome": 120000000,
          "netIncome": 81000000,
          "researchAndDevelopment": 343000000,
          "operatingExpense": 477000000,
          "currentAssets": 2751000000,
          "totalAssets": 3763000000,
          "totalLiabilities": null,
          "currentCash": 1051000000,
          "currentDebt": 223000000,
          "totalCash": 1045000000,
          "totalDebt": 1388000000,
          "shareholderEquity": 715000000,
          "cashChange": -140000000,
          "cashFlow": -86000000,
          "operatingGainsLosses": 1000000
        },
        {
          "reportDate": "2017-12-31",
          "grossProfit": 515000000,
          "costOfRevenue": 965000000,
          "operatingRevenue": 1480000000,
          "totalRevenue": 1480000000,
          "operatingIncome": 82000000,
          "netIncome": 61000000,
          "researchAndDevelopment": 300000000,
          "operatingExpense": 433000000,
          "currentAssets": 2622000000,
          "totalAssets": 3540000000,
          "totalLiabilities": null,
          "currentCash": 1185000000,
          "currentDebt": 70000000,
          "totalCash": 1185000000,
          "totalDebt": 1395000000,
          "shareholderEquity": 611000000,
          "cashChange": 306000000,
          "cashFlow": 383000000,
          "operatingGainsLosses": null
        },
        {
          "reportDate": "2017-09-30",
          "grossProfit": 573000000,
          "costOfRevenue": 1070000000,
          "operatingRevenue": 1643000000,
          "totalRevenue": 1643000000,
          "operatingIncome": 126000000,
          "netIncome": 71000000,
          "researchAndDevelopment": 315000000,
          "operatingExpense": 447000000,
          "currentAssets": 2699000000,
          "totalAssets": 3586000000,
          "totalLiabilities": null,
          "currentCash": 879000000,
          "currentDebt": 70000000,
          "totalCash": 879000000,
          "totalDebt": 1426000000,
          "shareholderEquity": 520000000,
          "cashChange": 119000000,
          "cashFlow": 66000000,
          "operatingGainsLosses": 2000000
        },
        {
          "reportDate": "2017-06-30",
          "grossProfit": 404000000,
          "costOfRevenue": 818000000,
          "operatingRevenue": 1222000000,
          "totalRevenue": 1222000000,
          "operatingIncome": null,
          "netIncome": -16000000,
          "researchAndDevelopment": 279000000,
          "operatingExpense": 404000000,
          "currentAssets": 2511000000,
          "totalAssets": 3370000000,
          "totalLiabilities": null,
          "currentCash": 760000000,
          "currentDebt": 42000000,
          "totalCash": 844000000,
          "totalDebt": 1417000000,
          "shareholderEquity": 417000000,
          "cashChange": 38000000,
          "cashFlow": -82000000,
          "operatingGainsLosses": 3000000
        }
      ]
    },
    "splits": [],
    "volume-by-venue": [
      {
        "volume": 0,
        "venue": "XCIS",
        "venueName": "NYSE National",
        "marketPercent": 0,
        "avgMarketPercent": 0.0007589049357286743,
        "date": null
      },
      {
        "volume": 0,
        "venue": "XASE",
        "venueName": "NYSE American",
        "marketPercent": 0,
        "avgMarketPercent": 0.0015233946884704137,
        "date": null
      },
      {
        "volume": 0,
        "venue": "XCHI",
        "venueName": "CHX",
        "marketPercent": 0,
        "avgMarketPercent": 0.004112344273034324,
        "date": null
      },
      {
        "volume": 0,
        "venue": "EDGA",
        "venueName": "Cboe EDGA",
        "marketPercent": 0,
        "avgMarketPercent": 0.00848067800095723,
        "date": null
      },
      {
        "volume": 0,
        "venue": "XNYS",
        "venueName": "NYSE",
        "marketPercent": 0,
        "avgMarketPercent": 0.009411369191167111,
        "date": null
      },
      {
        "volume": 0,
        "venue": "IEXG",
        "venueName": "IEX",
        "marketPercent": 0,
        "avgMarketPercent": 0.012334068784892063,
        "date": null
      },
      {
        "volume": 0,
        "venue": "XPHL",
        "venueName": "Nasdaq PSX",
        "marketPercent": 0,
        "avgMarketPercent": 0.013101290132709555,
        "date": null
      },
      {
        "volume": 0,
        "venue": "XBOS",
        "venueName": "Nasdaq BX",
        "marketPercent": 0,
        "avgMarketPercent": 0.02097504763434273,
        "date": null
      },
      {
        "volume": 0,
        "venue": "BATY",
        "venueName": "Cboe BYX",
        "marketPercent": 0,
        "avgMarketPercent": 0.061255793204081636,
        "date": null
      },
      {
        "volume": 0,
        "venue": "EDGX",
        "venueName": "Cboe EDGX",
        "marketPercent": 0,
        "avgMarketPercent": 0.06925501579042462,
        "date": null
      },
      {
        "volume": 0,
        "venue": "BATS",
        "venueName": "Cboe BZX",
        "marketPercent": 0,
        "avgMarketPercent": 0.07066034097133164,
        "date": null
      },
      {
        "volume": 0,
        "venue": "ARCX",
        "venueName": "NYSE Arca",
        "marketPercent": 0,
        "avgMarketPercent": 0.07714288147304124,
        "date": null
      },
      {
        "volume": 0,
        "venue": "XNGS",
        "venueName": "Nasdaq",
        "marketPercent": 0,
        "avgMarketPercent": 0.18958897796909074,
        "date": null
      },
      {
        "volume": 0,
        "venue": "TRF",
        "venueName": "Off Exchange",
        "marketPercent": 0,
        "avgMarketPercent": 0.46169030468818195,
        "date": null
      }
    ]
  },
  "TEAM": {
    "quote": {
      "symbol": "TEAM",
      "companyName": "Atlassian Corporation Plc",
      "primaryExchange": "Nasdaq Global Select",
      "sector": "Technology",
      "calculationPrice": "close",
      "open": 65.51,
      "openTime": 1529674200555,
      "close": 64.19,
      "closeTime": 1529697600690,
      "high": 65.51,
      "low": 62.61,
      "latestPrice": 64.19,
      "latestSource": "Close",
      "latestTime": "June 22, 2018",
      "latestUpdate": 1529697600690,
      "latestVolume": 2063242,
      "iexRealtimePrice": 64.16,
      "iexRealtimeSize": 100,
      "iexLastUpdated": 1529697578915,
      "delayedPrice": 64.19,
      "delayedPriceTime": 1529697600690,
      "extendedPrice": 65.259,
      "extendedChange": 1.069,
      "extendedChangePercent": 0.01665,
      "extendedPriceTime": 1529700970000,
      "previousClose": 65.59,
      "change": -1.4,
      "changePercent": -0.02134,
      "iexMarketPercent": 0.02696,
      "iexVolume": 55625,
      "avgTotalVolume": 1290754,
      "iexBidPrice": 0,
      "iexBidSize": 0,
      "iexAskPrice": 0,
      "iexAskSize": 0,
      "marketCap": 15021316359,
      "peRatio": -641.9,
      "week52High": 68.749,
      "week52Low": 33.16,
      "ytdChange": 0.342663399915002
    },
    "dividends": [],
    "news": [
      {
        "datetime": "2018-06-13T19:45:32-04:00",
        "headline": "Smartsheet: Momentum Continues, Expectations Remain High",
        "source": "SeekingAlpha",
        "url": "https://api.iextrading.com/1.0/stock/team/article/5365051078402796",
        "summary": "   On the final days of April, I looked at the  prospects  for  Smartsheet ( SMAR )  as the company went public at the time. Despite the rapid growth in sales and good growth prospects, I urged for caution, given the increasing losses and the fact that shares have seen a big opening day jump alre…",
        "related": "APPSOFTW,NASDAQ01,SMAR,SOF31165133,TEAM,Computing and Information Technology",
        "image": "https://api.iextrading.com/1.0/stock/team/news-image/5365051078402796"
      },
      {
        "datetime": "2018-06-05T11:56:00-04:00",
        "headline": "GitHub was also talking to Google about a deal, but went with Microsoft instead",
        "source": "CNBC",
        "url": "https://api.iextrading.com/1.0/stock/team/article/6469641371601474",
        "summary": "No summary available.",
        "related": "AMZN,GOOGL,MSFT,TEAM"
      }
    ],
    "peers": [
      "PRGS",
      "PXLW",
      "XLK"
    ],
    "stats": {
      "companyName": "Atlassian Corporation Plc",
      "marketcap": 15220227699,
      "beta": 2.329595,
      "week52high": 68.749,
      "week52low": 33.16,
      "week52change": 86.6284,
      "shortInterest": 10333759,
      "shortDate": "2018-05-31",
      "dividendRate": 0,
      "dividendYield": 0,
      "exDividendDate": 0,
      "latestEPS": -0.19,
      "latestEPSDate": "2017-06-30",
      "sharesOutstanding": 234013341,
      "float": 234013341,
      "returnOnEquity": -13.15,
      "consensusEPS": -0.05,
      "numberOfEstimates": 8,
      "EPSSurpriseDollar": null,
      "EPSSurprisePercent": 80,
      "symbol": "TEAM",
      "EBITDA": -2324000,
      "revenue": 580775000,
      "grossProfit": 460716000,
      "cash": 1842558000,
      "debt": 0,
      "ttmEPS": -0.09999999999999999,
      "revenuePerShare": 2,
      "revenuePerEmployee": 232032,
      "peRatioHigh": 0,
      "peRatioLow": 0,
      "returnOnAssets": -8.76,
      "returnOnCapital": null,
      "profitMargin": -14.46,
      "priceToSales": 19.43875,
      "priceToBook": 17.39,
      "day200MovingAvg": 52.25758,
      "day50MovingAvg": 62.3395,
      "institutionPercent": 37.4,
      "insiderPercent": null,
      "shortRatio": 7.969902,
      "year5ChangePercent": 1.3106551475881927,
      "year2ChangePercent": 1.3969380134428677,
      "year1ChangePercent": 0.7830555555555555,
      "ytdChangePercent": 0.364003399915002,
      "month6ChangePercent": 0.3807270380727037,
      "month3ChangePercent": 0.15950144508670516,
      "month1ChangePercent": 0.01986018430251033,
      "day5ChangePercent": -0.036330881249061725,
      "day30ChangePercent": -0.010482503468475516
    },
    "company": {
      "symbol": "TEAM",
      "companyName": "Atlassian Corporation Plc",
      "exchange": "Nasdaq Global Select",
      "industry": "Application Software",
      "website": "https://www.atlassian.com",
      "description": "Atlassian Corporation PLC is a holding company engaged in designing, development, licensing and maintaining of software and the provisioning of software hosting services to help teams organize, discuss and complete their work.",
      "CEO": "Michael Cannon-Brookes / Scott Farquhar",
      "issueType": "cs",
      "sector": "Technology",
      "tags": [
        "Technology",
        "Software - Application",
        "Application Software"
      ]
    },
    "financials": {
      "symbol": "TEAM",
      "financials": [
        {
          "reportDate": "2018-03-31",
          "grossProfit": 178483000,
          "costOfRevenue": 45240000,
          "operatingRevenue": 208830000,
          "totalRevenue": 223723000,
          "operatingIncome": -10880000,
          "netIncome": -14266000,
          "researchAndDevelopment": 108544000,
          "operatingExpense": 189363000,
          "currentAssets": 838161000,
          "totalAssets": 1372745000,
          "totalLiabilities": null,
          "currentCash": 393513000,
          "currentDebt": null,
          "totalCash": 763866000,
          "totalDebt": null,
          "shareholderEquity": 882713000,
          "cashChange": 82157000,
          "cashFlow": 91676000,
          "operatingGainsLosses": -1126000
        },
        {
          "reportDate": "2017-12-31",
          "grossProfit": 169462000,
          "costOfRevenue": 43164000,
          "operatingRevenue": 212626000,
          "totalRevenue": 212626000,
          "operatingIncome": -15256000,
          "netIncome": -65230000,
          "researchAndDevelopment": 101324000,
          "operatingExpense": 184718000,
          "currentAssets": 749408000,
          "totalAssets": 1306525000,
          "totalLiabilities": null,
          "currentCash": 310905000,
          "currentDebt": null,
          "totalCash": 679099000,
          "totalDebt": null,
          "shareholderEquity": 863424000,
          "cashChange": 5053000,
          "cashFlow": 72328000,
          "operatingGainsLosses": -158000
        },
        {
          "reportDate": "2017-09-30",
          "grossProfit": 153728000,
          "costOfRevenue": 40090000,
          "operatingRevenue": 193818000,
          "totalRevenue": 193818000,
          "operatingIncome": -22325000,
          "netIncome": -13994000,
          "researchAndDevelopment": 94862000,
          "operatingExpense": 176053000,
          "currentAssets": 676860000,
          "totalAssets": 1343546000,
          "totalLiabilities": 414177000,
          "currentCash": 305871000,
          "currentDebt": null,
          "totalCash": 613540000,
          "totalDebt": null,
          "shareholderEquity": 929369000,
          "cashChange": 61241000,
          "cashFlow": 65249000,
          "operatingGainsLosses": -36000
        },
        {
          "reportDate": "2017-06-30",
          "grossProfit": 137526000,
          "costOfRevenue": 36805000,
          "operatingRevenue": 201231000,
          "totalRevenue": 174331000,
          "operatingIncome": -32256000,
          "netIncome": -20708000,
          "researchAndDevelopment": 90691000,
          "operatingExpense": 169782000,
          "currentAssets": 612488000,
          "totalAssets": 1283858000,
          "totalLiabilities": null,
          "currentCash": 244420000,
          "currentDebt": null,
          "totalCash": 549919000,
          "totalDebt": null,
          "shareholderEquity": 894048000,
          "cashChange": 47468000,
          "cashFlow": 50597000,
          "operatingGainsLosses": 117000
        }
      ]
    },
    "splits": [],
    "volume-by-venue": [
      {
        "volume": 0,
        "venue": "XCHI",
        "venueName": "CHX",
        "marketPercent": 0,
        "avgMarketPercent": 0.0002964882518478422,
        "date": null
      },
      {
        "volume": 0,
        "venue": "XCIS",
        "venueName": "NYSE National",
        "marketPercent": 0,
        "avgMarketPercent": 0.00035818495422076496,
        "date": null
      },
      {
        "volume": 0,
        "venue": "XASE",
        "venueName": "NYSE American",
        "marketPercent": 0,
        "avgMarketPercent": 0.0021510124627791873,
        "date": null
      },
      {
        "volume": 0,
        "venue": "EDGA",
        "venueName": "Cboe EDGA",
        "marketPercent": 0,
        "avgMarketPercent": 0.008002353452938439,
        "date": null
      },
      {
        "volume": 0,
        "venue": "XPHL",
        "venueName": "Nasdaq PSX",
        "marketPercent": 0,
        "avgMarketPercent": 0.009265940648886134,
        "date": null
      },
      {
        "volume": 0,
        "venue": "XNYS",
        "venueName": "NYSE",
        "marketPercent": 0,
        "avgMarketPercent": 0.013922624451247579,
        "date": null
      },
      {
        "volume": 0,
        "venue": "IEXG",
        "venueName": "IEX",
        "marketPercent": 0,
        "avgMarketPercent": 0.034455810279864454,
        "date": null
      },
      {
        "volume": 0,
        "venue": "BATY",
        "venueName": "Cboe BYX",
        "marketPercent": 0,
        "avgMarketPercent": 0.04449826572034899,
        "date": null
      },
      {
        "volume": 0,
        "venue": "XBOS",
        "venueName": "Nasdaq BX",
        "marketPercent": 0,
        "avgMarketPercent": 0.051180763295739916,
        "date": null
      },
      {
        "volume": 0,
        "venue": "ARCX",
        "venueName": "NYSE Arca",
        "marketPercent": 0,
        "avgMarketPercent": 0.06854677603414294,
        "date": null
      },
      {
        "volume": 0,
        "venue": "BATS",
        "venueName": "Cboe BZX",
        "marketPercent": 0,
        "avgMarketPercent": 0.06974967369728034,
        "date": null
      },
      {
        "volume": 0,
        "venue": "EDGX",
        "venueName": "Cboe EDGX",
        "marketPercent": 0,
        "avgMarketPercent": 0.07462743574249843,
        "date": null
      },
      {
        "volume": 0,
        "venue": "XNGS",
        "venueName": "Nasdaq",
        "marketPercent": 0,
        "avgMarketPercent": 0.3096700387596969,
        "date": null
      },
      {
        "volume": 0,
        "venue": "TRF",
        "venueName": "Off Exchange",
        "marketPercent": 0,
        "avgMarketPercent": 0.3133611012169882,
        "date": null
      }
    ]
  },
  "PANW": {
    "quote": {
      "symbol": "PANW",
      "companyName": "Palo Alto Networks Inc.",
      "primaryExchange": "New York Stock Exchange",
      "sector": "Technology",
      "calculationPrice": "close",
      "open": 212.72,
      "openTime": 1529674200707,
      "close": 207.59,
      "closeTime": 1529697756126,
      "high": 212.81,
      "low": 205.88,
      "latestPrice": 207.59,
      "latestSource": "Close",
      "latestTime": "June 22, 2018",
      "latestUpdate": 1529697756126,
      "latestVolume": 1588397,
      "iexRealtimePrice": 207.69,
      "iexRealtimeSize": 100,
      "iexLastUpdated": 1529697599802,
      "delayedPrice": 207.59,
      "delayedPriceTime": 1529697756126,
      "extendedPrice": 207.59,
      "extendedChange": 0,
      "extendedChangePercent": 0,
      "extendedPriceTime": 1529700064000,
      "previousClose": 212.7,
      "change": -5.11,
      "changePercent": -0.02402,
      "iexMarketPercent": 0.05464,
      "iexVolume": 86790,
      "avgTotalVolume": 1546942,
      "iexBidPrice": 0,
      "iexBidSize": 0,
      "iexAskPrice": 0,
      "iexAskSize": 0,
      "marketCap": 19280979129,
      "peRatio": -150.43,
      "week52High": 217.4,
      "week52Low": 126.56,
      "ytdChange": 0.3734219387411645
    },
    "dividends": [],
    "news": [
      {
        "datetime": "2018-06-21T18:23:00-04:00",
        "headline": "Okta CEO explains why his cybersecurity company has a leg up on big-name tech giants like Microsoft",
        "source": "CNBC",
        "url": "https://api.iextrading.com/1.0/stock/panw/article/5669973140945254",
        "summary": "No summary available.",
        "related": "ADBE,JBLU,MSFT,OKTA,PANW",
        "image": "https://api.iextrading.com/1.0/stock/panw/news-image/5669973140945254"
      },
      {
        "datetime": "2018-06-21T05:59:29-04:00",
        "headline": "Under Armour Is A Winner - Cramer&apos;s Lightning Round (6/20/18)",
        "source": "SeekingAlpha",
        "url": "https://api.iextrading.com/1.0/stock/panw/article/4817553020295632",
        "summary": "    Stocks discussed on the Lightning Round segment of Jim Cramer's Mad Money Program, Wednesday, June 20.    Bullish Calls   Under Armour (UAA): Cramer has been recommending the stock since $14-15. The stock is a winner because CEO Kevin Plank is doing a good job.   Novocure (NVCR): \"The thing w…",
        "related": "BMY,CGNX,CHGG,Computer Hardware,CYBR,EMR,FEYE,NASDAQ01,NVCR,PANW,PFPT,ROK,SCITECIN,Computing and Information Technology,UAA,WTW",
        "image": "https://api.iextrading.com/1.0/stock/panw/news-image/4817553020295632"
      }
    ],
    "peers": [
      "CSCO",
      "INTC",
      "CHKP",
      "FFIV",
      "FTNT",
      "JNPR",
      "IBM",
      "FEYE",
      "HPQ",
      "XLK"
    ],
    "stats": {
      "companyName": "Palo Alto Networks Inc.",
      "marketcap": 20010087882,
      "beta": 0.909348,
      "week52high": 217.4,
      "week52low": 126.56,
      "week52change": 62.8051,
      "shortInterest": 4371006,
      "shortDate": "2018-05-31",
      "dividendRate": 0,
      "dividendYield": 0,
      "exDividendDate": 0,
      "latestEPS": -2.39,
      "latestEPSDate": "2017-07-31",
      "sharesOutstanding": 92880096,
      "float": 89730279,
      "returnOnEquity": -23.94,
      "consensusEPS": -0.24,
      "numberOfEstimates": 4,
      "EPSSurpriseDollar": null,
      "EPSSurprisePercent": 33.3333,
      "symbol": "PANW",
      "EBITDA": -67800000,
      "revenue": 1446400000,
      "grossProfit": 1042800000,
      "cash": 4250200000,
      "debt": 531000000,
      "ttmEPS": -1.38,
      "revenuePerShare": 16,
      "revenuePerEmployee": 299276,
      "peRatioHigh": 0,
      "peRatioLow": 0,
      "returnOnAssets": -5.14,
      "returnOnCapital": null,
      "profitMargin": -8.65,
      "priceToSales": 9.30069,
      "priceToBook": 27.36,
      "day200MovingAvg": 167.80177,
      "day50MovingAvg": 201.764,
      "institutionPercent": 77.5,
      "insiderPercent": 3.4,
      "shortRatio": 4.106718,
      "year5ChangePercent": 4.24747219413549,
      "year2ChangePercent": 0.6390840900118436,
      "year1ChangePercent": 0.4998193772126292,
      "ytdChangePercent": 0.3974419387411645,
      "month6ChangePercent": 0.4200013680826322,
      "month3ChangePercent": 0.14211047535211274,
      "month1ChangePercent": 0.002753357163559043,
      "day5ChangePercent": -0.020062311178247735,
      "day30ChangePercent": 0.026098561613365632
    },
    "company": {
      "symbol": "PANW",
      "companyName": "Palo Alto Networks Inc.",
      "exchange": "New York Stock Exchange",
      "industry": "Application Software",
      "website": "http://www.paloaltonetworks.com",
      "description": "Palo Alto Networks Inc develops and sells network and endpoint cybersecurity solutions to enterprise customers.",
      "CEO": "Nikesh Arora",
      "issueType": "cs",
      "sector": "Technology",
      "tags": [
        "Technology",
        "Software - Application",
        "Application Software"
      ]
    },
    "financials": {
      "symbol": "PANW",
      "financials": [
        {
          "reportDate": "2018-04-30",
          "grossProfit": 407200000,
          "costOfRevenue": 159900000,
          "operatingRevenue": 567100000,
          "totalRevenue": 567100000,
          "operatingIncome": -51600000,
          "netIncome": -46700000,
          "researchAndDevelopment": 99600000,
          "operatingExpense": 458800000,
          "currentAssets": 2205500000,
          "totalAssets": 3908300000,
          "totalLiabilities": null,
          "currentCash": 949000000,
          "currentDebt": 543800000,
          "totalCash": 1621200000,
          "totalDebt": null,
          "shareholderEquity": 722100000,
          "cashChange": 34000000,
          "cashFlow": 241300000,
          "operatingGainsLosses": null
        },
        {
          "reportDate": "2018-01-31",
          "grossProfit": 383100000,
          "costOfRevenue": 159300000,
          "operatingRevenue": 542400000,
          "totalRevenue": 542400000,
          "operatingIncome": -31800000,
          "netIncome": -34900000,
          "researchAndDevelopment": 96600000,
          "operatingExpense": 414900000,
          "currentAssets": 2210200000,
          "totalAssets": 3627500000,
          "totalLiabilities": null,
          "currentCash": 915000000,
          "currentDebt": 537400000,
          "totalCash": 1635700000,
          "totalDebt": null,
          "shareholderEquity": 633100000,
          "cashChange": 72400000,
          "cashFlow": 243700000,
          "operatingGainsLosses": null
        },
        {
          "reportDate": "2017-10-31",
          "grossProfit": 364100000,
          "costOfRevenue": 141400000,
          "operatingRevenue": 505500000,
          "totalRevenue": 505500000,
          "operatingIncome": -54300000,
          "netIncome": -64000000,
          "researchAndDevelopment": 94200000,
          "operatingExpense": 418400000,
          "currentAssets": 2039500000,
          "totalAssets": 3486500000,
          "totalLiabilities": null,
          "currentCash": 842600000,
          "currentDebt": 531000000,
          "totalCash": 1503200000,
          "totalDebt": null,
          "shareholderEquity": 665500000,
          "cashChange": 98300000,
          "cashFlow": 274100000,
          "operatingGainsLosses": null
        },
        {
          "reportDate": "2017-07-31",
          "grossProfit": 370600000,
          "costOfRevenue": 138500000,
          "operatingRevenue": 509100000,
          "totalRevenue": 509100000,
          "operatingIncome": -27300000,
          "netIncome": -38200000,
          "researchAndDevelopment": 87300000,
          "operatingExpense": 397900000,
          "currentAssets": 1976300000,
          "totalAssets": 3438300000,
          "totalLiabilities": null,
          "currentCash": 744300000,
          "currentDebt": null,
          "totalCash": 1375000000,
          "totalDebt": null,
          "shareholderEquity": 759600000,
          "cashChange": 52300000,
          "cashFlow": 239500000,
          "operatingGainsLosses": null
        }
      ]
    },
    "splits": [],
    "volume-by-venue": [
      {
        "volume": 0,
        "venue": "XCIS",
        "venueName": "NYSE National",
        "marketPercent": 0,
        "avgMarketPercent": 0.00008346612476317786,
        "date": null
      },
      {
        "volume": 0,
        "venue": "XCHI",
        "venueName": "CHX",
        "marketPercent": 0,
        "avgMarketPercent": 0.0009542880966415467,
        "date": null
      },
      {
        "volume": 0,
        "venue": "XASE",
        "venueName": "NYSE American",
        "marketPercent": 0,
        "avgMarketPercent": 0.0018910613426393083,
        "date": null
      },
      {
        "volume": 0,
        "venue": "XPHL",
        "venueName": "Nasdaq PSX",
        "marketPercent": 0,
        "avgMarketPercent": 0.0062493491446270295,
        "date": null
      },
      {
        "volume": 0,
        "venue": "EDGA",
        "venueName": "Cboe EDGA",
        "marketPercent": 0,
        "avgMarketPercent": 0.009173784162793689,
        "date": null
      },
      {
        "volume": 0,
        "venue": "BATY",
        "venueName": "Cboe BYX",
        "marketPercent": 0,
        "avgMarketPercent": 0.02416201824088264,
        "date": null
      },
      {
        "volume": 0,
        "venue": "IEXG",
        "venueName": "IEX",
        "marketPercent": 0,
        "avgMarketPercent": 0.029426782099325862,
        "date": null
      },
      {
        "volume": 0,
        "venue": "XBOS",
        "venueName": "Nasdaq BX",
        "marketPercent": 0,
        "avgMarketPercent": 0.03265085272262172,
        "date": null
      },
      {
        "volume": 0,
        "venue": "BATS",
        "venueName": "Cboe BZX",
        "marketPercent": 0,
        "avgMarketPercent": 0.043137461532962405,
        "date": null
      },
      {
        "volume": 0,
        "venue": "EDGX",
        "venueName": "Cboe EDGX",
        "marketPercent": 0,
        "avgMarketPercent": 0.06180232701838021,
        "date": null
      },
      {
        "volume": 0,
        "venue": "ARCX",
        "venueName": "NYSE Arca",
        "marketPercent": 0,
        "avgMarketPercent": 0.0694360500352523,
        "date": null
      },
      {
        "volume": 0,
        "venue": "XNGS",
        "venueName": "Nasdaq",
        "marketPercent": 0,
        "avgMarketPercent": 0.12594665606170294,
        "date": null
      },
      {
        "volume": 0,
        "venue": "XNYS",
        "venueName": "NYSE",
        "marketPercent": 0,
        "avgMarketPercent": 0.22980539802019978,
        "date": null
      },
      {
        "volume": 0,
        "venue": "TRF",
        "venueName": "Off Exchange",
        "marketPercent": 0,
        "avgMarketPercent": 0.3653314697516371,
        "date": null
      }
    ]
  },
  "SQ": {
    "quote": {
      "symbol": "SQ",
      "companyName": "Square Inc. Class A",
      "primaryExchange": "New York Stock Exchange",
      "sector": "Technology",
      "calculationPrice": "close",
      "open": 68.05,
      "openTime": 1529674261503,
      "close": 65.75,
      "closeTime": 1529697715151,
      "high": 68.17,
      "low": 65.11,
      "latestPrice": 65.75,
      "latestSource": "Close",
      "latestTime": "June 22, 2018",
      "latestUpdate": 1529697715151,
      "latestVolume": 11521218,
      "iexRealtimePrice": 65.735,
      "iexRealtimeSize": 100,
      "iexLastUpdated": 1529697595483,
      "delayedPrice": 65.75,
      "delayedPriceTime": 1529697715151,
      "extendedPrice": 65.65,
      "extendedChange": -0.1,
      "extendedChangePercent": -0.00152,
      "extendedPriceTime": 1529701142761,
      "previousClose": 67.1,
      "change": -1.35,
      "changePercent": -0.02012,
      "iexMarketPercent": 0.01428,
      "iexVolume": 164523,
      "avgTotalVolume": 9688192,
      "iexBidPrice": 0,
      "iexBidSize": 0,
      "iexAskPrice": 0,
      "iexAskSize": 0,
      "marketCap": 26345691648,
      "peRatio": -505.77,
      "week52High": 69.4,
      "week52Low": 22.66,
      "ytdChange": 0.797684810616533
    },
    "dividends": [],
    "news": [
      {
        "datetime": "2018-06-21T13:39:00-04:00",
        "headline": "Buy Square shares because its sales will soar from its new services to restaurants: Instinet",
        "source": "CNBC",
        "url": "https://api.iextrading.com/1.0/stock/sq/article/4816541953344161",
        "summary": "No summary available.",
        "related": "SQ",
        "image": "https://api.iextrading.com/1.0/stock/sq/news-image/4816541953344161"
      },
      {
        "datetime": "2018-06-21T09:52:51-04:00",
        "headline": "How To Play All Sides Of The Square Vs. PayPal Battle",
        "source": "SeekingAlpha",
        "url": "https://api.iextrading.com/1.0/stock/sq/article/7994452404221962",
        "summary": "   As a young investor with limited capital, I often turn to ETFs and index funds for quick, efficient and inexpensive ways of diversification. Most of my choices are cheap, all-inclusive Vanguard ETFs, like their  Total World Stock Index ( VT ) , a market-cap-weighted exchange-traded fund which …",
        "related": "BUS31054,BUS31054109,DB,FINX,FISV,IND310,INTU,Mutual Funds,NASDAQ01,PYPL,SQ,TSLA,TWTR,VT,WOMPOLIX,YRD",
        "image": "https://api.iextrading.com/1.0/stock/sq/news-image/7994452404221962"
      },
      {
        "datetime": "2018-06-21T07:38:46-04:00",
        "headline": "Market Keeps Rewarding Growth - Cramer&apos;s Mad Money (6/20/18)",
        "source": "SeekingAlpha",
        "url": "https://api.iextrading.com/1.0/stock/sq/article/6664199465187194",
        "summary": "         Stocks discussed on the in-depth session of Jim Cramer's Mad Money TV Program, Wednesday  , June 20.    Yes, the markets trade on interest rate hike and tariff fears but in reality, it loves growth. That's what happened with the Twenty First Century Fox ([[FOX]], [[FOXA]]), which say a  …",
        "related": "AIMT,AMC,CMCSA,CON102,DIS,ENT10210,FOX,FOXA,FSLR,HRB,I,INTU,MED10210023,NASDAQ01,PYPL,SPOT,SQ,THO,TWTR,WGO,WSM",
        "image": "https://api.iextrading.com/1.0/stock/sq/news-image/6664199465187194"
      }
    ],
    "peers": [
      "OTEX",
      "PANW",
      "XLK"
    ],
    "stats": {
      "companyName": "Square Inc. Class A",
      "marketcap": 26429837583,
      "beta": 4.323154,
      "week52high": 66.44,
      "week52low": 22.66,
      "week52change": 172.562,
      "shortInterest": 33288162,
      "shortDate": "2018-05-31",
      "dividendRate": 0,
      "dividendYield": 0,
      "exDividendDate": 0,
      "latestEPS": -0.16,
      "latestEPSDate": "2017-12-31",
      "sharesOutstanding": 400694930,
      "float": 397718431,
      "returnOnEquity": -9.97,
      "consensusEPS": -0.04,
      "numberOfEstimates": 8,
      "EPSSurpriseDollar": null,
      "EPSSurprisePercent": 0,
      "symbol": "SQ",
      "EBITDA": -8905000,
      "revenue": 1136664000,
      "grossProfit": 426045000,
      "cash": 1788647000,
      "debt": 0,
      "ttmEPS": -0.13,
      "revenuePerShare": 3,
      "revenuePerEmployee": 486169,
      "peRatioHigh": 0,
      "peRatioLow": 0,
      "returnOnAssets": -3.61,
      "returnOnCapital": null,
      "profitMargin": -2.96,
      "priceToSales": 11.104203,
      "priceToBook": 33.19,
      "day200MovingAvg": 43.85788,
      "day50MovingAvg": 55.6868,
      "institutionPercent": 49.2,
      "insiderPercent": 0.7,
      "shortRatio": 2.9932115,
      "year5ChangePercent": 4.030604437643458,
      "year2ChangePercent": 6.201533406352683,
      "year1ChangePercent": 1.7203144393876704,
      "ytdChangePercent": 0.817804810616533,
      "month6ChangePercent": 0.8758915834522113,
      "month3ChangePercent": 0.2724985484807431,
      "month1ChangePercent": 0.19350154292975125,
      "day5ChangePercent": -0.006797583081571039,
      "day30ChangePercent": 0.2013520920884342
    },
    "company": {
      "symbol": "SQ",
      "companyName": "Square Inc. Class A",
      "exchange": "New York Stock Exchange",
      "industry": "Application Software",
      "website": "https://www.squareup.com",
      "description": "Square Inc is a software company offering solutions ranging from payments and point-of-sale services to financial and marketing services. It offers a free software app with its hardware to turn mobile devices into powerful POS solutions in minutes.",
      "CEO": "Jack Dorsey",
      "issueType": "cs",
      "sector": "Technology",
      "tags": [
        "Technology",
        "Software - Application",
        "Application Software"
      ]
    },
    "financials": {
      "symbol": "SQ",
      "financials": [
        {
          "reportDate": "2018-03-31",
          "grossProfit": 255170000,
          "costOfRevenue": 413433000,
          "operatingRevenue": 668603000,
          "totalRevenue": 668603000,
          "operatingIncome": -20992000,
          "netIncome": -23986000,
          "researchAndDevelopment": 105095000,
          "operatingExpense": 276162000,
          "currentAssets": 1990383000,
          "totalAssets": 2379612000,
          "totalLiabilities": null,
          "currentCash": 776076000,
          "currentDebt": null,
          "totalCash": 1091295000,
          "totalDebt": null,
          "shareholderEquity": 809980000,
          "cashChange": 39598000,
          "cashFlow": 52053000,
          "operatingGainsLosses": 18031000
        },
        {
          "reportDate": "2017-12-31",
          "grossProfit": 239830000,
          "costOfRevenue": 376205000,
          "operatingRevenue": 616035000,
          "totalRevenue": 616035000,
          "operatingIncome": -63194000,
          "netIncome": -15663000,
          "researchAndDevelopment": 92633000,
          "operatingExpense": 303024000,
          "currentAssets": 1778294000,
          "totalAssets": 2187270000,
          "totalLiabilities": null,
          "currentCash": 735081000,
          "currentDebt": null,
          "totalCash": 969092000,
          "totalDebt": null,
          "shareholderEquity": 786333000,
          "cashChange": 41104000,
          "cashFlow": -2606000,
          "operatingGainsLosses": null
        },
        {
          "reportDate": "2017-09-30",
          "grossProfit": 218616000,
          "costOfRevenue": 366543000,
          "operatingRevenue": 585159000,
          "totalRevenue": 585159000,
          "operatingIncome": 5002000,
          "netIncome": -16098000,
          "researchAndDevelopment": 82547000,
          "operatingExpense": 213614000,
          "currentAssets": 1686877000,
          "totalAssets": 2083852000,
          "totalLiabilities": 1350943000,
          "currentCash": 693510000,
          "currentDebt": null,
          "totalCash": 868371000,
          "totalDebt": null,
          "shareholderEquity": 732909000,
          "cashChange": -61696000,
          "cashFlow": 39727000,
          "operatingGainsLosses": null
        },
        {
          "reportDate": "2017-06-30",
          "grossProfit": 207429000,
          "costOfRevenue": 344076000,
          "operatingRevenue": 551505000,
          "totalRevenue": 551505000,
          "operatingIncome": 6177000,
          "netIncome": -15962000,
          "researchAndDevelopment": 78126000,
          "operatingExpense": 201252000,
          "currentAssets": 1437917000,
          "totalAssets": 1741714000,
          "totalLiabilities": null,
          "currentCash": 753701000,
          "currentDebt": null,
          "totalCash": 920276000,
          "totalDebt": null,
          "shareholderEquity": 703744000,
          "cashChange": 11438000,
          "cashFlow": 46592000,
          "operatingGainsLosses": null
        }
      ]
    },
    "splits": [],
    "volume-by-venue": [
      {
        "volume": 0,
        "venue": "XCIS",
        "venueName": "NYSE National",
        "marketPercent": 0,
        "avgMarketPercent": 0.000075662810099228,
        "date": null
      },
      {
        "volume": 0,
        "venue": "XASE",
        "venueName": "NYSE American",
        "marketPercent": 0,
        "avgMarketPercent": 0.0011094587988647133,
        "date": null
      },
      {
        "volume": 0,
        "venue": "XPHL",
        "venueName": "Nasdaq PSX",
        "marketPercent": 0,
        "avgMarketPercent": 0.0034337706561308363,
        "date": null
      },
      {
        "volume": 0,
        "venue": "EDGA",
        "venueName": "Cboe EDGA",
        "marketPercent": 0,
        "avgMarketPercent": 0.008214643487216369,
        "date": null
      },
      {
        "volume": 0,
        "venue": "XCHI",
        "venueName": "CHX",
        "marketPercent": 0,
        "avgMarketPercent": 0.008809795412713643,
        "date": null
      },
      {
        "volume": 0,
        "venue": "BATY",
        "venueName": "Cboe BYX",
        "marketPercent": 0,
        "avgMarketPercent": 0.017245576687879592,
        "date": null
      },
      {
        "volume": 0,
        "venue": "IEXG",
        "venueName": "IEX",
        "marketPercent": 0,
        "avgMarketPercent": 0.01971243463439033,
        "date": null
      },
      {
        "volume": 0,
        "venue": "XBOS",
        "venueName": "Nasdaq BX",
        "marketPercent": 0,
        "avgMarketPercent": 0.020048526807880863,
        "date": null
      },
      {
        "volume": 0,
        "venue": "ARCX",
        "venueName": "NYSE Arca",
        "marketPercent": 0,
        "avgMarketPercent": 0.0554546896697374,
        "date": null
      },
      {
        "volume": 0,
        "venue": "BATS",
        "venueName": "Cboe BZX",
        "marketPercent": 0,
        "avgMarketPercent": 0.06107193274233087,
        "date": null
      },
      {
        "volume": 0,
        "venue": "XNGS",
        "venueName": "Nasdaq",
        "marketPercent": 0,
        "avgMarketPercent": 0.08523051717297161,
        "date": null
      },
      {
        "volume": 0,
        "venue": "EDGX",
        "venueName": "Cboe EDGX",
        "marketPercent": 0,
        "avgMarketPercent": 0.08535981885466702,
        "date": null
      },
      {
        "volume": 0,
        "venue": "XNYS",
        "venueName": "NYSE",
        "marketPercent": 0,
        "avgMarketPercent": 0.1796373992676481,
        "date": null
      },
      {
        "volume": 0,
        "venue": "TRF",
        "venueName": "Off Exchange",
        "marketPercent": 0,
        "avgMarketPercent": 0.45460265149208334,
        "date": null
      }
    ]
  },
  "OSTK": {
    "quote": {
      "symbol": "OSTK",
      "companyName": "Overstock.com Inc.",
      "primaryExchange": "NASDAQ Global Market",
      "sector": "Consumer Cyclical",
      "calculationPrice": "close",
      "open": 36.3,
      "openTime": 1529674200442,
      "close": 33.45,
      "closeTime": 1529697600278,
      "high": 36.55,
      "low": 33.2,
      "latestPrice": 33.45,
      "latestSource": "Close",
      "latestTime": "June 22, 2018",
      "latestUpdate": 1529697600278,
      "latestVolume": 1997006,
      "iexRealtimePrice": 33.4,
      "iexRealtimeSize": 200,
      "iexLastUpdated": 1529697598430,
      "delayedPrice": 33.45,
      "delayedPriceTime": 1529697600278,
      "extendedPrice": 33.45,
      "extendedChange": 0,
      "extendedChangePercent": 0,
      "extendedPriceTime": 1529700811174,
      "previousClose": 36.15,
      "change": -2.7,
      "changePercent": -0.07469,
      "iexMarketPercent": 0.00668,
      "iexVolume": 13340,
      "avgTotalVolume": 1262917,
      "iexBidPrice": 0,
      "iexBidSize": 0,
      "iexAskPrice": 0,
      "iexAskSize": 0,
      "marketCap": 966626928,
      "peRatio": -7.47,
      "week52High": 89.8,
      "week52Low": 14.3,
      "ytdChange": -0.5572886078886311
    },
    "dividends": [],
    "news": [
      {
        "datetime": "2018-06-23T06:51:17-04:00",
        "headline": "Crypto bits: McAfee stops and starts, Bitfinex exec exits, compliant token",
        "source": "SeekingAlpha",
        "url": "https://api.iextrading.com/1.0/stock/ostk/article/5547552556072473",
        "summary": "     Bits and pieces from the crypto world this past week:   More news on: Bitcoin Investment Trust, Winklevoss Bitcoin Trust ETF, Riot Blockchain, Inc., News on ETFs, Cryptocurrency News,     Read more …     ",
        "related": "ARSC,ASS10319,ASS10319042,BITCF,BLKCF,BTCS,BTLLF,BTSC,COIN,CRYPTOC,Financial and Business Services,GAHC,GBTC,GROW,INTHPINK,MARA,MGTI,NASDAQ01,OSTK,OTCBULLB,RIOT,SRAX,SSC,UEPS,USTC,XNET",
        "image": "https://api.iextrading.com/1.0/stock/ostk/news-image/5547552556072473"
      }
    ],
    "peers": [
      "AMZN",
      "EBAY",
      "ROST",
      "PCMI",
      "SHLD",
      "TJX",
      "WMT",
      "TGT",
      "EVLV",
      "GAIA"
    ],
    "stats": {
      "companyName": "Overstock.com Inc.",
      "marketcap": 1125564091,
      "beta": 1.745811,
      "week52high": 89.8,
      "week52low": 14.3,
      "week52change": 135.3474,
      "shortInterest": 8313811,
      "shortDate": "2018-05-31",
      "dividendRate": 0,
      "dividendYield": 0,
      "exDividendDate": 0,
      "latestEPS": -4.28,
      "latestEPSDate": "2017-12-31",
      "sharesOutstanding": 28897666,
      "float": 26944439,
      "returnOnEquity": -86.45,
      "symbol": "OSTK",
      "EBITDA": 1285000,
      "revenue": 856031000,
      "grossProfit": 167846000,
      "cash": 196218000,
      "debt": 113185000,
      "ttmEPS": -4.48,
      "revenuePerShare": 30,
      "revenuePerEmployee": 475573,
      "peRatioHigh": 197.5,
      "peRatioLow": 3.8,
      "consensusEPS": -0.87,
      "numberOfEstimates": 1,
      "EPSSurpriseDollar": null,
      "EPSSurprisePercent": -100,
      "returnOnAssets": -31.23,
      "returnOnCapital": null,
      "profitMargin": -9.11,
      "priceToSales": 0.59434444,
      "priceToBook": 5.81,
      "day200MovingAvg": 46.91088,
      "day50MovingAvg": 36.774,
      "institutionPercent": 60.8,
      "insiderPercent": 6.8,
      "shortRatio": 6.4355206,
      "year5ChangePercent": 0.31485849056603776,
      "year2ChangePercent": 0.9688051795173636,
      "year1ChangePercent": 1.0272727272727273,
      "ytdChangePercent": -0.48259860788863107,
      "month6ChangePercent": -0.5166184971098265,
      "month3ChangePercent": -0.25995575221238937,
      "month1ChangePercent": -0.08356164383561636,
      "day5ChangePercent": -0.15316455696202524,
      "day30ChangePercent": -0.08481532147742803
    },
    "company": {
      "symbol": "OSTK",
      "companyName": "Overstock.com Inc.",
      "exchange": "NASDAQ Global Market",
      "industry": "Retail - Apparel & Specialty",
      "website": "http://www.overstock.com",
      "description": "Overstock.com Inc is an online retailer which provides products and services through websites. It offers a broad range of products, including furniture and home decor, apparel and accessories, books, electronics, and other items.",
      "CEO": "Patrick M. Byrne",
      "issueType": "cs",
      "sector": "Consumer Cyclical",
      "tags": [
        "Consumer Cyclical",
        "Specialty Retail",
        "Retail - Apparel & Specialty"
      ]
    },
    "financials": {
      "symbol": "OSTK",
      "financials": [
        {
          "reportDate": "2018-03-31",
          "grossProfit": 93869000,
          "costOfRevenue": 351462000,
          "operatingRevenue": 445331000,
          "totalRevenue": 445331000,
          "operatingIncome": -54394000,
          "netIncome": -50909000,
          "researchAndDevelopment": 31294000,
          "operatingExpense": 148263000,
          "currentAssets": 317234000,
          "totalAssets": 526274000,
          "totalLiabilities": null,
          "currentCash": 260016000,
          "currentDebt": null,
          "totalCash": 259569000,
          "totalDebt": null,
          "shareholderEquity": 179861000,
          "cashChange": 56346000,
          "cashFlow": -10182000,
          "operatingGainsLosses": -1529000
        },
        {
          "reportDate": "2017-12-31",
          "grossProfit": 85798000,
          "costOfRevenue": 370492000,
          "operatingRevenue": 456290000,
          "totalRevenue": 456290000,
          "operatingIncome": -22715000,
          "netIncome": -95690000,
          "researchAndDevelopment": 29896000,
          "operatingExpense": 108513000,
          "currentAssets": 265197000,
          "totalAssets": 433815000,
          "totalLiabilities": null,
          "currentCash": 203215000,
          "currentDebt": null,
          "totalCash": 203215000,
          "totalDebt": null,
          "shareholderEquity": 175628000,
          "cashChange": 110949000,
          "cashFlow": 27334000,
          "operatingGainsLosses": 1250000
        },
        {
          "reportDate": "2017-09-30",
          "grossProfit": 83675000,
          "costOfRevenue": 340332000,
          "operatingRevenue": 424007000,
          "totalRevenue": 424007000,
          "operatingIncome": -11875000,
          "netIncome": -786000,
          "researchAndDevelopment": 28746000,
          "operatingExpense": 95550000,
          "currentAssets": 150982000,
          "totalAssets": 395441000,
          "totalLiabilities": null,
          "currentCash": 92266000,
          "currentDebt": 3326000,
          "totalCash": 92266000,
          "totalDebt": 56057000,
          "shareholderEquity": 163194000,
          "cashChange": -11686000,
          "cashFlow": -16210000,
          "operatingGainsLosses": null
        },
        {
          "reportDate": "2017-06-30",
          "grossProfit": 84171000,
          "costOfRevenue": 347853000,
          "operatingRevenue": 432024000,
          "totalRevenue": 432024000,
          "operatingIncome": -9731000,
          "netIncome": -7499000,
          "researchAndDevelopment": 28244000,
          "operatingExpense": 93902000,
          "currentAssets": 161702000,
          "totalAssets": 412875000,
          "totalLiabilities": null,
          "currentCash": 103952000,
          "currentDebt": 3297000,
          "totalCash": 103952000,
          "totalDebt": 57128000,
          "shareholderEquity": 162920000,
          "cashChange": -32388000,
          "cashFlow": -23348000,
          "operatingGainsLosses": null
        }
      ]
    },
    "splits": [],
    "volume-by-venue": [
      {
        "volume": 0,
        "venue": "XCIS",
        "venueName": "NYSE National",
        "marketPercent": 0,
        "avgMarketPercent": 0.00010211943960043987,
        "date": null
      },
      {
        "volume": 0,
        "venue": "XASE",
        "venueName": "NYSE American",
        "marketPercent": 0,
        "avgMarketPercent": 0.0022086220782970957,
        "date": null
      },
      {
        "volume": 0,
        "venue": "XCHI",
        "venueName": "CHX",
        "marketPercent": 0,
        "avgMarketPercent": 0.003719648239152852,
        "date": null
      },
      {
        "volume": 0,
        "venue": "XNYS",
        "venueName": "NYSE",
        "marketPercent": 0,
        "avgMarketPercent": 0.004444919198005496,
        "date": null
      },
      {
        "volume": 0,
        "venue": "XPHL",
        "venueName": "Nasdaq PSX",
        "marketPercent": 0,
        "avgMarketPercent": 0.006294863950381975,
        "date": null
      },
      {
        "volume": 0,
        "venue": "IEXG",
        "venueName": "IEX",
        "marketPercent": 0,
        "avgMarketPercent": 0.015923215960081633,
        "date": null
      },
      {
        "volume": 0,
        "venue": "EDGA",
        "venueName": "Cboe EDGA",
        "marketPercent": 0,
        "avgMarketPercent": 0.020095118676854398,
        "date": null
      },
      {
        "volume": 0,
        "venue": "BATS",
        "venueName": "Cboe BZX",
        "marketPercent": 0,
        "avgMarketPercent": 0.035264409388560715,
        "date": null
      },
      {
        "volume": 0,
        "venue": "XBOS",
        "venueName": "Nasdaq BX",
        "marketPercent": 0,
        "avgMarketPercent": 0.036991720029395936,
        "date": null
      },
      {
        "volume": 0,
        "venue": "BATY",
        "venueName": "Cboe BYX",
        "marketPercent": 0,
        "avgMarketPercent": 0.04807974745102329,
        "date": null
      },
      {
        "volume": 0,
        "venue": "ARCX",
        "venueName": "NYSE Arca",
        "marketPercent": 0,
        "avgMarketPercent": 0.05807556251907405,
        "date": null
      },
      {
        "volume": 0,
        "venue": "EDGX",
        "venueName": "Cboe EDGX",
        "marketPercent": 0,
        "avgMarketPercent": 0.12848533468164067,
        "date": null
      },
      {
        "volume": 0,
        "venue": "XNGS",
        "venueName": "Nasdaq",
        "marketPercent": 0,
        "avgMarketPercent": 0.2628071380164272,
        "date": null
      },
      {
        "volume": 0,
        "venue": "TRF",
        "venueName": "Off Exchange",
        "marketPercent": 0,
        "avgMarketPercent": 0.37853131327476613,
        "date": null
      }
    ]
  },
  "TSLA": {
    "quote": {
      "symbol": "TSLA",
      "companyName": "Tesla Inc.",
      "primaryExchange": "Nasdaq Global Select",
      "sector": "Consumer Cyclical",
      "calculationPrice": "close",
      "open": 351.37,
      "openTime": 1529674200866,
      "close": 333.63,
      "closeTime": 1529697600716,
      "high": 352.25,
      "low": 332,
      "latestPrice": 333.63,
      "latestSource": "Close",
      "latestTime": "June 22, 2018",
      "latestUpdate": 1529697600716,
      "latestVolume": 9889528,
      "iexRealtimePrice": 333.63,
      "iexRealtimeSize": 100,
      "iexLastUpdated": 1529697598000,
      "delayedPrice": 333.63,
      "delayedPriceTime": 1529697600716,
      "extendedPrice": 332.95,
      "extendedChange": -0.68,
      "extendedChangePercent": -0.00204,
      "extendedPriceTime": 1529701108974,
      "previousClose": 347.51,
      "change": -13.88,
      "changePercent": -0.03994,
      "iexMarketPercent": 0.0127,
      "iexVolume": 125597,
      "avgTotalVolume": 8862061,
      "iexBidPrice": 0,
      "iexBidSize": 0,
      "iexAskPrice": 0,
      "iexAskSize": 0,
      "marketCap": 56648267127,
      "peRatio": -24.42,
      "week52High": 389.61,
      "week52Low": 244.5901,
      "ytdChange": 0.0009298093782173986
    },
    "dividends": [],
    "news": [
      {
        "datetime": "2018-06-22T16:16:00-04:00",
        "headline": "The central question that inspired all of Elon Musk&apos;s businesses",
        "source": "CNBC",
        "url": "https://api.iextrading.com/1.0/stock/tsla/article/6750475256192131",
        "summary": "No summary available.",
        "related": "TSLA",
        "image": "https://api.iextrading.com/1.0/stock/tsla/news-image/6750475256192131"
      },
      {
        "datetime": "2018-06-22T14:48:29-04:00",
        "headline": "Tesla -3% as analyst questions company data on rise in services costs",
        "source": "SeekingAlpha",
        "url": "https://api.iextrading.com/1.0/stock/tsla/article/8807687340043144",
        "summary": "     Tesla ( TSLA   -3.1% ) tumbles after Bernstein analyst Toni Sacconaghi  raises concerns  about how the company may be allocating its expenses across different businesses.   More news on: Tesla, Inc., Consumer stocks news, Stocks on the move,     Read more …     ",
        "related": "AUT10209,AUT10209017,CON102,NASDAQ01,SCITECH1,TSLA",
        "image": "https://api.iextrading.com/1.0/stock/tsla/news-image/8807687340043144"
      },
      {
        "datetime": "2018-06-22T13:24:03-04:00",
        "headline": "Why Tesla And Netflix Should Matter To All Investors",
        "source": "SeekingAlpha",
        "url": "https://api.iextrading.com/1.0/stock/tsla/article/6466585208453545",
        "summary": "    Tesla and Netflix are the legendary high flyers of the post crisis period . They have little to no economic moat. They dont make a whole lot of money, if any at all. They burn through cash like theres no tomorrow, perhaps because the day might come someday where there may very…",
        "related": "CON102,ENT10210,MED10210023,NASDAQ01,NFLX,TSLA",
        "image": "https://api.iextrading.com/1.0/stock/tsla/news-image/6466585208453545"
      },
      {
        "datetime": "2018-06-22T13:21:05-04:00",
        "headline": "Tesla Energy - Tesla&apos;s Billion Dollar Secret",
        "source": "SeekingAlpha",
        "url": "https://api.iextrading.com/1.0/stock/tsla/article/8316781235176549",
        "summary": "   Editor's note: Seeking Alpha is proud to welcome TechGuy as a new contributor. It's easy to become a Seeking Alpha contributor and earn money for your best investment ideas. Active contributors also get free access to the SA PRO archive.  Click here to find out more      Tesla Energy &#x…",
        "related": "AUT10209,AUT10209017,Commodities,CON102,Futures Trading,NASDAQ01,TSLA",
        "image": "https://api.iextrading.com/1.0/stock/tsla/news-image/8316781235176549"
      },
      {
        "datetime": "2018-06-22T13:05:00-04:00",
        "headline": "Tesla reports another fire at Fremont factory",
        "source": "CNBC",
        "url": "https://api.iextrading.com/1.0/stock/tsla/article/7298799621140863",
        "summary": "No summary available.",
        "related": "TSLA",
        "image": "https://api.iextrading.com/1.0/stock/tsla/news-image/7298799621140863"
      },
      {
        "datetime": "2018-06-22T12:47:50-04:00",
        "headline": "Understanding Tesla&apos;s Layoffs",
        "source": "SeekingAlpha",
        "url": "https://api.iextrading.com/1.0/stock/tsla/article/5043088258959436",
        "summary": "      Restructuring Layoffs Signal Move Towards Efficiency   Tesla's biggest criticism is not being able to turn a profit. A big reason for it's losses is it's massive overhead. Tesla's latest round of  restructuring layoffs  have many investors concerned, and rightly so. However not all layoffs …",
        "related": "AUT10209,AUT10209017,CON102,NASDAQ01,SCITECH1,TSLA",
        "image": "https://api.iextrading.com/1.0/stock/tsla/news-image/5043088258959436"
      },
      {
        "datetime": "2018-06-22T12:26:00-04:00",
        "headline": "Tesla shares drop after analyst raises concern over a rise in its services costs",
        "source": "CNBC",
        "url": "https://api.iextrading.com/1.0/stock/tsla/article/5822185476928859",
        "summary": "No summary available.",
        "related": "TSLA",
        "image": "https://api.iextrading.com/1.0/stock/tsla/news-image/5822185476928859"
      },
      {
        "datetime": "2018-06-22T11:11:18-04:00",
        "headline": "CoverDrive&apos;s Forecast For Tesla&apos;s Q2: A GAAP Loss Exceeding $700 Million",
        "source": "SeekingAlpha",
        "url": "https://api.iextrading.com/1.0/stock/tsla/article/8006601457176695",
        "summary": "    [Montana Skeptic has gone fishing for a spell, and has asked his collaborator, CoverDrive, who has extensive auto industry experience, for some guest commentary.]    As Q2 winds to an end, its a good time to update earnings expectations for Tesla ( TSLA ) this quarter.   Tesla Will Re…",
        "related": "AUT10209,AUT10209017,CON102,MONTANA1,NASDAQ01,TSLA",
        "image": "https://api.iextrading.com/1.0/stock/tsla/news-image/8006601457176695"
      },
      {
        "datetime": "2018-06-22T08:01:00-04:00",
        "headline": "Elon Musk uses seventh-grader language on earnings calls, according to algorithm",
        "source": "CNBC",
        "url": "https://api.iextrading.com/1.0/stock/tsla/article/5975140287568040",
        "summary": "No summary available.",
        "related": "DMLRY,F,GM,TSLA",
        "image": "https://api.iextrading.com/1.0/stock/tsla/news-image/5975140287568040"
      },
      {
        "datetime": "2018-06-22T07:38:05-04:00",
        "headline": "OPEC Showdown After Oil Output (Wall Street Breakfast Podcast)",
        "source": "SeekingAlpha",
        "url": "https://api.iextrading.com/1.0/stock/tsla/article/6725255169207458",
        "summary": "    Today's top stories:  In today's top stories: OPEC showdown after oil output; EU retaliating against Trump tariffs; Airbus to exit the UK over Brexit.       If you are interested in listening to Wall Street Breakfast to start your day, look for us in the following places:       iTunes  (find …",
        "related": "AMZN,BA,BKS,DB,DIS,EADSY,EBAY,FB,FOX,GOOG,GOOGL,HD,INTC,INTHPINK,KR,LMT,MSFT,NASDAQ01,Oil & Energy,OPEC0001,QQQ,RHT,SPY,STMP,TSLA",
        "image": "https://api.iextrading.com/1.0/stock/tsla/news-image/6725255169207458"
      }
    ],
    "peers": [
      "HMC",
      "TM",
      "F",
      "GM"
    ],
    "stats": {
      "consensusEPS": -4.45,
      "numberOfEstimates": 1,
      "EPSSurpriseDollar": null,
      "EPSSurprisePercent": 5.8427,
      "symbol": "TSLA",
      "EBITDA": -205815000,
      "revenue": 9062481000,
      "grossProfit": 1554541000,
      "cash": 9933868000,
      "debt": 28263041000,
      "ttmEPS": -13.66,
      "revenuePerShare": 53,
      "revenuePerEmployee": 241389,
      "returnOnEquity": -49.6,
      "peRatioHigh": 0,
      "peRatioLow": 0,
      "companyName": "Tesla Inc.",
      "marketcap": 59860763647,
      "beta": 0.981561,
      "week52high": 389.61,
      "week52low": 244.5901,
      "week52change": -4.6647,
      "shortInterest": 39075421,
      "shortDate": "2018-05-31",
      "dividendRate": 0,
      "dividendYield": 0,
      "exDividendDate": 0,
      "latestEPS": 0,
      "latestEPSDate": "2017-12-31",
      "sharesOutstanding": 169793685,
      "float": 169222579,
      "returnOnAssets": -8.95,
      "returnOnCapital": null,
      "profitMargin": -21.07,
      "priceToSales": 4.731289,
      "priceToBook": 13.26,
      "day200MovingAvg": 323.0667,
      "day50MovingAvg": 303.9171,
      "institutionPercent": 56.9,
      "insiderPercent": 0.3,
      "shortRatio": 5.4360456,
      "year5ChangePercent": 2.2873189476795743,
      "year2ChangePercent": 0.6987270875763747,
      "year1ChangePercent": -0.12992567479462772,
      "ytdChangePercent": 0.0408698093782174,
      "month6ChangePercent": 0.05149862901446618,
      "month3ChangePercent": 0.10642037540624784,
      "month1ChangePercent": 0.19550650374458023,
      "day5ChangePercent": -0.10031550845400855,
      "day30ChangePercent": 0.10818441506676407
    },
    "company": {
      "symbol": "TSLA",
      "companyName": "Tesla Inc.",
      "exchange": "Nasdaq Global Select",
      "industry": "Autos",
      "website": "https://www.tesla.com",
      "description": "Tesla Inc is a vertically integrated sustainable energy company. It designs, develops, manufactures and sells high-performance fully electric vehicles and electric vehicle powertrain components.",
      "CEO": "Elon Musk",
      "issueType": "cs",
      "sector": "Consumer Cyclical",
      "tags": [
        "Consumer Cyclical",
        "Auto Manufacturers",
        "Autos"
      ]
    },
    "financials": {
      "symbol": "TSLA",
      "financials": [
        {
          "reportDate": "2018-03-31",
          "grossProfit": 456526000,
          "costOfRevenue": 2952225000,
          "operatingRevenue": 3408751000,
          "totalRevenue": 3408751000,
          "operatingIncome": -596974000,
          "netIncome": -709551000,
          "researchAndDevelopment": 367096000,
          "operatingExpense": 1053500000,
          "currentAssets": 6383920000,
          "totalAssets": 27271429000,
          "totalLiabilities": null,
          "currentCash": 3219708000,
          "currentDebt": 1998030000,
          "totalCash": 2665673000,
          "totalDebt": 10761758000,
          "shareholderEquity": 4450695000,
          "cashChange": -755353000,
          "cashFlow": -398376000,
          "operatingGainsLosses": 99898000
        },
        {
          "reportDate": "2017-12-31",
          "grossProfit": 438786000,
          "costOfRevenue": 2849463000,
          "operatingRevenue": 3288249000,
          "totalRevenue": 3288249000,
          "operatingIncome": -598141000,
          "netIncome": -675350000,
          "researchAndDevelopment": 354637000,
          "operatingExpense": 1036927000,
          "currentAssets": 6570520000,
          "totalAssets": 28655372000,
          "totalLiabilities": null,
          "currentCash": 3367914000,
          "currentDebt": 896549000,
          "totalCash": 3367914000,
          "totalDebt": 10314938000,
          "shareholderEquity": 4237242000,
          "cashChange": -166143000,
          "cashFlow": 509891000,
          "operatingGainsLosses": 62506000
        },
        {
          "reportDate": "2017-09-30",
          "grossProfit": 449140000,
          "costOfRevenue": 2535535000,
          "operatingRevenue": 2984675000,
          "totalRevenue": 2984675000,
          "operatingIncome": -535480000,
          "netIncome": -619376000,
          "researchAndDevelopment": 331622000,
          "operatingExpense": 984620000,
          "currentAssets": 7068733000,
          "totalAssets": 28107074000,
          "totalLiabilities": null,
          "currentCash": 3530030000,
          "currentDebt": 424224000,
          "totalCash": 3530030000,
          "totalDebt": 10008778000,
          "shareholderEquity": 4711480000,
          "cashChange": 486012000,
          "cashFlow": -300562000,
          "operatingGainsLosses": 12607000
        },
        {
          "reportDate": "2017-06-30",
          "grossProfit": 666615000,
          "costOfRevenue": 2122942000,
          "operatingRevenue": 2789557000,
          "totalRevenue": 2789557000,
          "operatingIncome": -240916000,
          "netIncome": -336397000,
          "researchAndDevelopment": 369774000,
          "operatingExpense": 907531000,
          "currentAssets": 6359444000,
          "totalAssets": 26043705000,
          "totalLiabilities": null,
          "currentCash": 3035924000,
          "currentDebt": 816533000,
          "totalCash": 3035924000,
          "totalDebt": 7939395000,
          "shareholderEquity": 5105752000,
          "cashChange": -1031845000,
          "cashFlow": -200172000,
          "operatingGainsLosses": 36782000
        }
      ]
    },
    "splits": [],
    "volume-by-venue": [
      {
        "volume": 0,
        "venue": "XCIS",
        "venueName": "NYSE National",
        "marketPercent": 0,
        "avgMarketPercent": 0.00000822449179208645,
        "date": null
      },
      {
        "volume": 0,
        "venue": "XASE",
        "venueName": "NYSE American",
        "marketPercent": 0,
        "avgMarketPercent": 0.001012538650235095,
        "date": null
      },
      {
        "volume": 0,
        "venue": "XNYS",
        "venueName": "NYSE",
        "marketPercent": 0,
        "avgMarketPercent": 0.004098203963328982,
        "date": null
      },
      {
        "volume": 0,
        "venue": "EDGA",
        "venueName": "Cboe EDGA",
        "marketPercent": 0,
        "avgMarketPercent": 0.004961423468024837,
        "date": null
      },
      {
        "volume": 0,
        "venue": "XPHL",
        "venueName": "Nasdaq PSX",
        "marketPercent": 0,
        "avgMarketPercent": 0.009406069073397924,
        "date": null
      },
      {
        "volume": 0,
        "venue": "XCHI",
        "venueName": "CHX",
        "marketPercent": 0,
        "avgMarketPercent": 0.010443507915562264,
        "date": null
      },
      {
        "volume": 0,
        "venue": "BATY",
        "venueName": "Cboe BYX",
        "marketPercent": 0,
        "avgMarketPercent": 0.011164894735956329,
        "date": null
      },
      {
        "volume": 0,
        "venue": "IEXG",
        "venueName": "IEX",
        "marketPercent": 0,
        "avgMarketPercent": 0.01604998237222919,
        "date": null
      },
      {
        "volume": 0,
        "venue": "XBOS",
        "venueName": "Nasdaq BX",
        "marketPercent": 0,
        "avgMarketPercent": 0.019538039993510243,
        "date": null
      },
      {
        "volume": 0,
        "venue": "BATS",
        "venueName": "Cboe BZX",
        "marketPercent": 0,
        "avgMarketPercent": 0.04230089115257221,
        "date": null
      },
      {
        "volume": 0,
        "venue": "ARCX",
        "venueName": "NYSE Arca",
        "marketPercent": 0,
        "avgMarketPercent": 0.0632181422424637,
        "date": null
      },
      {
        "volume": 0,
        "venue": "EDGX",
        "venueName": "Cboe EDGX",
        "marketPercent": 0,
        "avgMarketPercent": 0.08544807528360958,
        "date": null
      },
      {
        "volume": 0,
        "venue": "XNGS",
        "venueName": "Nasdaq",
        "marketPercent": 0,
        "avgMarketPercent": 0.270318235543688,
        "date": null
      },
      {
        "volume": 0,
        "venue": "TRF",
        "venueName": "Off Exchange",
        "marketPercent": 0,
        "avgMarketPercent": 0.46203251880939467,
        "date": null
      }
    ]
  },
  "DIS": {
    "quote": {
      "symbol": "DIS",
      "companyName": "The Walt Disney Company",
      "primaryExchange": "New York Stock Exchange",
      "sector": "Consumer Cyclical",
      "calculationPrice": "close",
      "open": 106.16,
      "openTime": 1529674261752,
      "close": 106.34,
      "closeTime": 1529697756206,
      "high": 106.8,
      "low": 105.81,
      "latestPrice": 106.34,
      "latestSource": "Close",
      "latestTime": "June 22, 2018",
      "latestUpdate": 1529697756206,
      "latestVolume": 9282479,
      "iexRealtimePrice": 106.37,
      "iexRealtimeSize": 100,
      "iexLastUpdated": 1529697599911,
      "delayedPrice": 106.34,
      "delayedPriceTime": 1529697756206,
      "extendedPrice": 106.4,
      "extendedChange": 0.06,
      "extendedChangePercent": 0.00056,
      "extendedPriceTime": 1529701028374,
      "previousClose": 105.89,
      "change": 0.45,
      "changePercent": 0.00425,
      "iexMarketPercent": 0.02106,
      "iexVolume": 195489,
      "avgTotalVolume": 9199040,
      "iexBidPrice": 0,
      "iexBidSize": 0,
      "iexAskPrice": 0,
      "iexAskSize": 0,
      "marketCap": 158101052530,
      "peRatio": 17.61,
      "week52High": 113.19,
      "week52Low": 96.2,
      "ytdChange": -0.04458720930232553
    },
    "dividends": [],
    "news": [
      {
        "datetime": "2018-06-23T08:49:01-04:00",
        "headline": "Stocks To Watch: More Trade Tiffs And Stress Tests",
        "source": "SeekingAlpha",
        "url": "https://api.iextrading.com/1.0/stock/dis/article/6760303659789651",
        "summary": "   Welcome to Seeking Alpha's Stocks to Watch - a preview of key events scheduled for the next week. Follow this account and turn the e-mail alert on to receive this article in your inbox every Saturday morning.  Trade battles are set to dominate another week's action, with a set of hair-trigger …",
        "related": "AAPL,ACN,AKAM,AKAO,ATRC,BAC,BBBY,BIDU,BIIB,BJ,BLK,BV,C,CAG,CBAY,CCL,CHINA001,CMCSA,CMG,Computer Hardware,CON31167138,COOL,CTRV,DIS,DRRX,EVER,FII,FTSV,GAIN,GBLK,GIS,GS,GWPH,HEI,INFO,INTHPINK,JPM,LEA,MCK,MD,Meetings,MKC,MNKD,NASDAQ01,NKE,NSM,NTGN,NTRA,NTRS,PAYX,PIR,PPC,PRGS,PS,PTIE,QCOM,RAD,S,SBHMY,SBKO,SNE,SNX,SONC,SRE,STIM,STZ,TBIO,TCDA,Computing and Information Technology,TEGP,TEP,TMCXU,TMUS,TWTR,VTIQU,WBA,WFC,WMIH",
        "image": "https://api.iextrading.com/1.0/stock/dis/news-image/6760303659789651"
      }
    ],
    "peers": [
      "CMCSA",
      "DISCA",
      "SNE",
      "CBS",
      "PSO",
      "AMCX",
      "VIAB",
      "FOXA"
    ],
    "stats": {
      "companyName": "The Walt Disney Company",
      "marketcap": 158101052530,
      "beta": 1.308378,
      "week52high": 113.19,
      "week52low": 96.2,
      "week52change": 3.6201,
      "shortInterest": 30131543,
      "shortDate": "2018-05-31",
      "dividendRate": 1.68,
      "dividendYield": 1.5798383,
      "exDividendDate": "2017-12-08 00:00:00.0",
      "latestEPS": 5.7,
      "latestEPSDate": "2017-09-30",
      "sharesOutstanding": 1486750541,
      "float": 1468578644,
      "returnOnEquity": 25.8,
      "consensusEPS": 1.62,
      "numberOfEstimates": 7,
      "EPSSurpriseDollar": null,
      "EPSSurprisePercent": 16.6667,
      "symbol": "DIS",
      "EBITDA": 12635000000,
      "revenue": 42368000000,
      "grossProfit": 18700000000,
      "cash": 13030000000,
      "debt": 73569000000,
      "ttmEPS": 6.04,
      "revenuePerShare": 28,
      "revenuePerEmployee": 212905,
      "peRatioHigh": 28.7,
      "peRatioLow": 14.9,
      "returnOnAssets": 12.09,
      "returnOnCapital": null,
      "profitMargin": 20.96,
      "priceToSales": 2.7660415,
      "priceToBook": 3.49,
      "day200MovingAvg": 103.06612,
      "day50MovingAvg": 102.3802,
      "institutionPercent": 59.5,
      "insiderPercent": 1.2,
      "shortRatio": 3.358948,
      "year5ChangePercent": 0.8218668567228671,
      "year2ChangePercent": 0.1070049239545705,
      "year1ChangePercent": 0.03481026207927387,
      "ytdChangePercent": -0.048837209302325525,
      "month6ChangePercent": -0.0164631890492046,
      "month3ChangePercent": 0.07915567282321896,
      "month1ChangePercent": 0.03353095538925068,
      "day5ChangePercent": -0.006725200821968979,
      "day30ChangePercent": 0.041834035465856866
    },
    "company": {
      "symbol": "DIS",
      "companyName": "The Walt Disney Company",
      "exchange": "New York Stock Exchange",
      "industry": "Entertainment",
      "website": "http://www.disney.com",
      "description": "Walt Disney Co together with its subsidiaries is a diversified worldwide entertainment company with operations in four business segments: Media Networks, Parks and Resorts, Studio Entertainment, and Consumer Products & Interactive Media.",
      "CEO": "Robert A. Iger",
      "issueType": "cs",
      "sector": "Consumer Cyclical",
      "tags": [
        "Consumer Cyclical",
        "Media - Diversified",
        "Entertainment"
      ]
    },
    "financials": {
      "symbol": "DIS",
      "financials": [
        {
          "reportDate": "2018-03-31",
          "grossProfit": 7015000000,
          "costOfRevenue": 7533000000,
          "operatingRevenue": 14548000000,
          "totalRevenue": 14548000000,
          "operatingIncome": 4037000000,
          "netIncome": 2937000000,
          "researchAndDevelopment": null,
          "operatingExpense": 2978000000,
          "currentAssets": 16808000000,
          "totalAssets": 97943000000,
          "totalLiabilities": null,
          "currentCash": 4195000000,
          "currentDebt": 5918000000,
          "totalCash": 4179000000,
          "totalDebt": 24684000000,
          "shareholderEquity": 45151000000,
          "cashChange": -534000000,
          "cashFlow": 4526000000,
          "operatingGainsLosses": 213000000
        },
        {
          "reportDate": "2017-12-31",
          "grossProfit": 6614000000,
          "costOfRevenue": 8737000000,
          "operatingRevenue": 15351000000,
          "totalRevenue": 15351000000,
          "operatingIncome": 3793000000,
          "netIncome": 4423000000,
          "researchAndDevelopment": null,
          "operatingExpense": 2821000000,
          "currentAssets": 17274000000,
          "totalAssets": 97734000000,
          "totalLiabilities": null,
          "currentCash": 4695000000,
          "currentDebt": 6009000000,
          "totalCash": 4677000000,
          "totalDebt": 26091000000,
          "shareholderEquity": 43289000000,
          "cashChange": 610000000,
          "cashFlow": 2237000000,
          "operatingGainsLosses": 127000000
        },
        {
          "reportDate": "2017-09-30",
          "grossProfit": 5565000000,
          "costOfRevenue": 7214000000,
          "operatingRevenue": 12779000000,
          "totalRevenue": 12779000000,
          "operatingIncome": 2629000000,
          "netIncome": 1747000000,
          "researchAndDevelopment": null,
          "operatingExpense": 2936000000,
          "currentAssets": 15889000000,
          "totalAssets": 95789000000,
          "totalLiabilities": null,
          "currentCash": 4064000000,
          "currentDebt": 6172000000,
          "totalCash": 4017000000,
          "totalDebt": 25291000000,
          "shareholderEquity": 41315000000,
          "cashChange": -476000000,
          "cashFlow": 3512000000,
          "operatingGainsLosses": -78000000
        },
        {
          "reportDate": "2017-06-30",
          "grossProfit": 6521000000,
          "costOfRevenue": 7717000000,
          "operatingRevenue": 14238000000,
          "totalRevenue": 14238000000,
          "operatingIncome": 3788000000,
          "netIncome": 2366000000,
          "researchAndDevelopment": null,
          "operatingExpense": 2733000000,
          "currentAssets": 17151000000,
          "totalAssets": 92752000000,
          "totalLiabilities": null,
          "currentCash": 4336000000,
          "currentDebt": 3338000000,
          "totalCash": 4336000000,
          "totalDebt": 22187000000,
          "shareholderEquity": 42531000000,
          "cashChange": 515000000,
          "cashFlow": 4158000000,
          "operatingGainsLosses": 63000000
        }
      ]
    },
    "splits": [],
    "volume-by-venue": [
      {
        "volume": 0,
        "venue": "XCIS",
        "venueName": "NYSE National",
        "marketPercent": 0,
        "avgMarketPercent": 0.00024349437921805526,
        "date": null
      },
      {
        "volume": 0,
        "venue": "XASE",
        "venueName": "NYSE American",
        "marketPercent": 0,
        "avgMarketPercent": 0.002250662187979679,
        "date": null
      },
      {
        "volume": 0,
        "venue": "XPHL",
        "venueName": "Nasdaq PSX",
        "marketPercent": 0,
        "avgMarketPercent": 0.004069157258778857,
        "date": null
      },
      {
        "volume": 0,
        "venue": "EDGA",
        "venueName": "Cboe EDGA",
        "marketPercent": 0,
        "avgMarketPercent": 0.012195844329370998,
        "date": null
      },
      {
        "volume": 0,
        "venue": "BATY",
        "venueName": "Cboe BYX",
        "marketPercent": 0,
        "avgMarketPercent": 0.022924037831164295,
        "date": null
      },
      {
        "volume": 0,
        "venue": "XBOS",
        "venueName": "Nasdaq BX",
        "marketPercent": 0,
        "avgMarketPercent": 0.026333674559506814,
        "date": null
      },
      {
        "volume": 0,
        "venue": "XCHI",
        "venueName": "CHX",
        "marketPercent": 0,
        "avgMarketPercent": 0.03252947256627332,
        "date": null
      },
      {
        "volume": 0,
        "venue": "IEXG",
        "venueName": "IEX",
        "marketPercent": 0,
        "avgMarketPercent": 0.03632761813512789,
        "date": null
      },
      {
        "volume": 0,
        "venue": "EDGX",
        "venueName": "Cboe EDGX",
        "marketPercent": 0,
        "avgMarketPercent": 0.04001348506118241,
        "date": null
      },
      {
        "volume": 0,
        "venue": "ARCX",
        "venueName": "NYSE Arca",
        "marketPercent": 0,
        "avgMarketPercent": 0.04870256199568721,
        "date": null
      },
      {
        "volume": 0,
        "venue": "BATS",
        "venueName": "Cboe BZX",
        "marketPercent": 0,
        "avgMarketPercent": 0.06930539320741351,
        "date": null
      },
      {
        "volume": 0,
        "venue": "XNGS",
        "venueName": "Nasdaq",
        "marketPercent": 0,
        "avgMarketPercent": 0.08970656211568068,
        "date": null
      },
      {
        "volume": 0,
        "venue": "XNYS",
        "venueName": "NYSE",
        "marketPercent": 0,
        "avgMarketPercent": 0.25178382958447076,
        "date": null
      },
      {
        "volume": 0,
        "venue": "TRF",
        "venueName": "Off Exchange",
        "marketPercent": 0,
        "avgMarketPercent": 0.36364741052790106,
        "date": null
      }
    ]
  },
  "NKE": {
    "quote": {
      "symbol": "NKE",
      "companyName": "Nike Inc.",
      "primaryExchange": "New York Stock Exchange",
      "sector": "Consumer Cyclical",
      "calculationPrice": "close",
      "open": 73.57,
      "openTime": 1529674200558,
      "close": 73.43,
      "closeTime": 1529697756282,
      "high": 74.41,
      "low": 73.21,
      "latestPrice": 73.43,
      "latestSource": "Close",
      "latestTime": "June 22, 2018",
      "latestUpdate": 1529697756282,
      "latestVolume": 9346689,
      "iexRealtimePrice": 73.415,
      "iexRealtimeSize": 100,
      "iexLastUpdated": 1529697598051,
      "delayedPrice": 73.43,
      "delayedPriceTime": 1529697756282,
      "extendedPrice": 73.5,
      "extendedChange": 0.07,
      "extendedChangePercent": 0.00095,
      "extendedPriceTime": 1529700396875,
      "previousClose": 73.94,
      "change": -0.51,
      "changePercent": -0.0069,
      "iexMarketPercent": 0.03594,
      "iexVolume": 335920,
      "avgTotalVolume": 5845654,
      "iexBidPrice": 0,
      "iexBidSize": 0,
      "iexAskPrice": 0,
      "iexAskSize": 0,
      "marketCap": 118351492155,
      "peRatio": 31.25,
      "week52High": 75.9101,
      "week52Low": 50.35,
      "ytdChange": 0.15639912455522792
    },
    "dividends": [],
    "news": [
      {
        "datetime": "2018-06-23T08:49:01-04:00",
        "headline": "Stocks To Watch: More Trade Tiffs And Stress Tests",
        "source": "SeekingAlpha",
        "url": "https://api.iextrading.com/1.0/stock/nke/article/6760303659789651",
        "summary": "   Welcome to Seeking Alpha's Stocks to Watch - a preview of key events scheduled for the next week. Follow this account and turn the e-mail alert on to receive this article in your inbox every Saturday morning.  Trade battles are set to dominate another week's action, with a set of hair-trigger …",
        "related": "AAPL,ACN,AKAM,AKAO,ATRC,BAC,BBBY,BIDU,BIIB,BJ,BLK,BV,C,CAG,CBAY,CCL,CHINA001,CMCSA,CMG,Computer Hardware,CON31167138,COOL,CTRV,DIS,DRRX,EVER,FII,FTSV,GAIN,GBLK,GIS,GS,GWPH,HEI,INFO,INTHPINK,JPM,LEA,MCK,MD,Meetings,MKC,MNKD,NASDAQ01,NKE,NSM,NTGN,NTRA,NTRS,PAYX,PIR,PPC,PRGS,PS,PTIE,QCOM,RAD,S,SBHMY,SBKO,SNE,SNX,SONC,SRE,STIM,STZ,TBIO,TCDA,Computing and Information Technology,TEGP,TEP,TMCXU,TMUS,TWTR,VTIQU,WBA,WFC,WMIH",
        "image": "https://api.iextrading.com/1.0/stock/nke/news-image/6760303659789651"
      }
    ],
    "peers": [
      "SHOO",
      "CROX",
      "SKX",
      "UAA",
      "DECK"
    ],
    "stats": {
      "companyName": "Nike Inc.",
      "marketcap": 120430661770,
      "beta": 0.683801,
      "week52high": 75.9101,
      "week52low": 50.35,
      "week52change": 46.7497,
      "shortInterest": 21821106,
      "shortDate": "2018-05-31",
      "dividendRate": 0.8,
      "dividendYield": 1.0706638,
      "exDividendDate": "2018-06-01 00:00:00.0",
      "latestEPS": 2.51,
      "latestEPSDate": "2017-05-31",
      "sharesOutstanding": 1611759392,
      "float": 1586703981,
      "returnOnEquity": 16.03,
      "consensusEPS": 0.48,
      "numberOfEstimates": 18,
      "EPSSurpriseDollar": null,
      "EPSSurprisePercent": 18.75,
      "symbol": "NKE",
      "EBITDA": 3738000000,
      "revenue": 26301000000,
      "grossProfit": 11463000000,
      "cash": 18087000000,
      "debt": 12327000000,
      "ttmEPS": 2.35,
      "revenuePerShare": 16,
      "revenuePerEmployee": 353508,
      "peRatioHigh": 36.8,
      "peRatioLow": 18,
      "returnOnAssets": 7.89,
      "returnOnCapital": null,
      "profitMargin": 2.99,
      "priceToSales": 4.478859,
      "priceToBook": 12.18,
      "day200MovingAvg": 63.10199,
      "day50MovingAvg": 70.58353,
      "institutionPercent": 61,
      "insiderPercent": 1.6,
      "shortRatio": 3.6774805,
      "year5ChangePercent": 1.598271121789315,
      "year2ChangePercent": 0.3917872610619889,
      "year1ChangePercent": 0.40696103697033,
      "ytdChangePercent": 0.1632991245552279,
      "month6ChangePercent": 0.1603762254824499,
      "month3ChangePercent": 0.13933458391712022,
      "month1ChangePercent": 0.03217263695298939,
      "day5ChangePercent": -0.028832165057531976,
      "day30ChangePercent": 0.0760645609427985
    },
    "company": {
      "symbol": "NKE",
      "companyName": "Nike Inc.",
      "exchange": "New York Stock Exchange",
      "industry": "Manufacturing - Apparel & Furniture",
      "website": "http://www.nike.com",
      "description": "Nike Inc designs, develops and markets footwear, apparel, equipment, and accessory products. It is a seller of athletic footwear and athletic apparel. It sells its products through NIKE-owned in-line and factory retail stores and internet websites.",
      "CEO": "",
      "issueType": "cs",
      "sector": "Consumer Cyclical",
      "tags": [
        "Consumer Cyclical",
        "Footwear & Accessories",
        "Manufacturing - Apparel & Furniture"
      ]
    },
    "financials": {
      "symbol": "NKE",
      "financials": [
        {
          "reportDate": "2018-02-28",
          "grossProfit": 3938000000,
          "costOfRevenue": 5046000000,
          "operatingRevenue": 8984000000,
          "totalRevenue": 8984000000,
          "operatingIncome": 1171000000,
          "netIncome": -921000000,
          "researchAndDevelopment": null,
          "operatingExpense": 2767000000,
          "currentAssets": 15355000000,
          "totalAssets": 22552000000,
          "totalLiabilities": null,
          "currentCash": 3662000000,
          "currentDebt": 17000000,
          "totalCash": 4751000000,
          "totalDebt": 3486000000,
          "shareholderEquity": 9782000000,
          "cashChange": -695000000,
          "cashFlow": 787000000,
          "operatingGainsLosses": -63000000
        },
        {
          "reportDate": "2017-11-30",
          "grossProfit": 3678000000,
          "costOfRevenue": 4876000000,
          "operatingRevenue": 8554000000,
          "totalRevenue": 8554000000,
          "operatingIncome": 910000000,
          "netIncome": 767000000,
          "researchAndDevelopment": null,
          "operatingExpense": 2768000000,
          "currentAssets": 16582000000,
          "totalAssets": 24055000000,
          "totalLiabilities": null,
          "currentCash": 4304000000,
          "currentDebt": 1239000000,
          "totalCash": 6389000000,
          "totalDebt": 4711000000,
          "shareholderEquity": 11758000000,
          "cashChange": 893000000,
          "cashFlow": 1323000000,
          "operatingGainsLosses": -48000000
        },
        {
          "reportDate": "2017-08-31",
          "grossProfit": 3962000000,
          "costOfRevenue": 5108000000,
          "operatingRevenue": 9070000000,
          "totalRevenue": 9070000000,
          "operatingIncome": 1106000000,
          "netIncome": 950000000,
          "researchAndDevelopment": null,
          "operatingExpense": 2856000000,
          "currentAssets": 16192000000,
          "totalAssets": 23647000000,
          "totalLiabilities": null,
          "currentCash": 3413000000,
          "currentDebt": 342000000,
          "totalCash": 5519000000,
          "totalDebt": 3814000000,
          "shareholderEquity": 11993000000,
          "cashChange": -435000000,
          "cashFlow": 575000000,
          "operatingGainsLosses": -19000000
        },
        {
          "reportDate": "2017-05-31",
          "grossProfit": 3823000000,
          "costOfRevenue": 4854000000,
          "operatingRevenue": 8677000000,
          "totalRevenue": 8677000000,
          "operatingIncome": 1158000000,
          "netIncome": 1008000000,
          "researchAndDevelopment": null,
          "operatingExpense": 2665000000,
          "currentAssets": 16061000000,
          "totalAssets": 23259000000,
          "totalLiabilities": null,
          "currentCash": 3808000000,
          "currentDebt": 331000000,
          "totalCash": 6179000000,
          "totalDebt": 3802000000,
          "shareholderEquity": 12407000000,
          "cashChange": -223000000,
          "cashFlow": 756000000,
          "operatingGainsLosses": -27000000
        }
      ]
    },
    "splits": [],
    "volume-by-venue": [
      {
        "volume": 0,
        "venue": "XCIS",
        "venueName": "NYSE National",
        "marketPercent": 0,
        "avgMarketPercent": 0.00010278566753677137,
        "date": null
      },
      {
        "volume": 0,
        "venue": "XASE",
        "venueName": "NYSE American",
        "marketPercent": 0,
        "avgMarketPercent": 0.0020457472093649703,
        "date": null
      },
      {
        "volume": 0,
        "venue": "XCHI",
        "venueName": "CHX",
        "marketPercent": 0,
        "avgMarketPercent": 0.0033052851888917922,
        "date": null
      },
      {
        "volume": 0,
        "venue": "XPHL",
        "venueName": "Nasdaq PSX",
        "marketPercent": 0,
        "avgMarketPercent": 0.0072640995441078555,
        "date": null
      },
      {
        "volume": 0,
        "venue": "EDGA",
        "venueName": "Cboe EDGA",
        "marketPercent": 0,
        "avgMarketPercent": 0.01526798419139985,
        "date": null
      },
      {
        "volume": 0,
        "venue": "BATY",
        "venueName": "Cboe BYX",
        "marketPercent": 0,
        "avgMarketPercent": 0.024171820088030673,
        "date": null
      },
      {
        "volume": 0,
        "venue": "IEXG",
        "venueName": "IEX",
        "marketPercent": 0,
        "avgMarketPercent": 0.03242802387041218,
        "date": null
      },
      {
        "volume": 0,
        "venue": "XBOS",
        "venueName": "Nasdaq BX",
        "marketPercent": 0,
        "avgMarketPercent": 0.03502247352888252,
        "date": null
      },
      {
        "volume": 0,
        "venue": "EDGX",
        "venueName": "Cboe EDGX",
        "marketPercent": 0,
        "avgMarketPercent": 0.044689208334070855,
        "date": null
      },
      {
        "volume": 0,
        "venue": "ARCX",
        "venueName": "NYSE Arca",
        "marketPercent": 0,
        "avgMarketPercent": 0.04658088998562593,
        "date": null
      },
      {
        "volume": 0,
        "venue": "BATS",
        "venueName": "Cboe BZX",
        "marketPercent": 0,
        "avgMarketPercent": 0.06506092230666131,
        "date": null
      },
      {
        "volume": 0,
        "venue": "XNGS",
        "venueName": "Nasdaq",
        "marketPercent": 0,
        "avgMarketPercent": 0.10743007993810574,
        "date": null
      },
      {
        "volume": 0,
        "venue": "TRF",
        "venueName": "Off Exchange",
        "marketPercent": 0,
        "avgMarketPercent": 0.2692084833148043,
        "date": null
      },
      {
        "volume": 0,
        "venue": "XNYS",
        "venueName": "NYSE",
        "marketPercent": 0,
        "avgMarketPercent": 0.3481827422673473,
        "date": null
      }
    ]
  },
  "MSFT": {
    "quote": {
      "symbol": "MSFT",
      "companyName": "Microsoft Corporation",
      "primaryExchange": "Nasdaq Global Select",
      "sector": "Technology",
      "calculationPrice": "close",
      "open": 100.52,
      "openTime": 1529674200798,
      "close": 100.41,
      "closeTime": 1529697600600,
      "high": 100.77,
      "low": 99.625,
      "latestPrice": 100.41,
      "latestSource": "Close",
      "latestTime": "June 22, 2018",
      "latestUpdate": 1529697600600,
      "latestVolume": 38867061,
      "iexRealtimePrice": 100.25,
      "iexRealtimeSize": 200,
      "iexLastUpdated": 1529697597058,
      "delayedPrice": 100.41,
      "delayedPriceTime": 1529697600600,
      "extendedPrice": 100.25,
      "extendedChange": -0.16,
      "extendedChangePercent": -0.00159,
      "extendedPriceTime": 1529701168474,
      "previousClose": 101.14,
      "change": -0.73,
      "changePercent": -0.00722,
      "iexMarketPercent": 0.01354,
      "iexVolume": 526260,
      "avgTotalVolume": 25119861,
      "iexBidPrice": 0,
      "iexBidSize": 0,
      "iexAskPrice": 0,
      "iexAskSize": 0,
      "marketCap": 771469861276,
      "peRatio": 29.71,
      "week52High": 102.69,
      "week52Low": 68.02,
      "ytdChange": 0.17159167893494867
    },
    "dividends": [],
    "news": [
      {
        "datetime": "2018-06-23T10:17:00-04:00",
        "headline": "Venture Capital Deals Of The Week: Tencent Bets On Online Education",
        "source": "SeekingAlpha",
        "url": "https://api.iextrading.com/1.0/stock/msft/article/8585384147449778",
        "summary": "    Welcome to Seeking Alphas Venture Capital Deals of the Week. Follow this account and turn on the e-mail alert to receive VCDeals in your inbox on Saturday mornings.            Chinese online education:    Tencent ([[TCEHY]], [[TCTZF]]) co-led in a  $500M Series D+ round  in Chinese K-…",
        "related": "CBLK,CHINA001,GOOG,GOOGL,GS,INT31168144,INTC,INTHPINK,MS,MSFT,NASDAQ01,ONL31168,REGN,SYMC,TCEHY,TCTZF,Computing and Information Technology,Venture Capital,VZ",
        "image": "https://api.iextrading.com/1.0/stock/msft/news-image/8585384147449778"
      },
      {
        "datetime": "2018-06-22T14:14:46-04:00",
        "headline": "4 Myths About Alphabet To Squash Right Now",
        "source": "SeekingAlpha",
        "url": "https://api.iextrading.com/1.0/stock/msft/article/8740710166309345",
        "summary": "   If you ask most investors to describe  Alphabet  (GOOG) (GOOGL), what you'll likely get is the company is growing, is drowning in cash, and has been a great investment. If you ask those same individuals why Alphabet doesn't pay a dividend when some of its peers do, they will likely point to th…",
        "related": "AAPL,Computer Hardware,CON31167138,GOOG,GOOGL,MSFT,NASDAQ01,Computing and Information Technology",
        "image": "https://api.iextrading.com/1.0/stock/msft/news-image/8740710166309345"
      },
      {
        "datetime": "2018-06-22T11:28:00-04:00",
        "headline": "Here&apos;s what dinner with Warren Buffett and Bill Gates is like, according to their Omaha waitress",
        "source": "CNBC",
        "url": "https://api.iextrading.com/1.0/stock/msft/article/5909729547269031",
        "summary": "No summary available.",
        "related": "BRK.A,MSFT",
        "image": "https://api.iextrading.com/1.0/stock/msft/news-image/5909729547269031"
      },
      {
        "datetime": "2018-06-22T10:55:35-04:00",
        "headline": "Google Vs. Apple: There Is A Clear Winner",
        "source": "SeekingAlpha",
        "url": "https://api.iextrading.com/1.0/stock/msft/article/6745100736317868",
        "summary": "   Warren Buffett recently bought 75 million Apple  ( AAPL ) shares for Berkshire Hathaway  ( BRK.A )  ( BRK.B ). He criticized investors and analysts that invest by trying to guess the number of iPhones that Apple will sell next quarter, as they are missing the long-term view of the company.    …",
        "related": "AAPL,AMZN,BRK.A,BRK.B,CON102,FB,GOOG,GOOGL,MSFT,MTCH,NASDAQ01,RET10217,SNAP,SPECRTIL,TWTR",
        "image": "https://api.iextrading.com/1.0/stock/msft/news-image/6745100736317868"
      },
      {
        "datetime": "2018-06-22T08:14:00-04:00",
        "headline": "Pro tips on taking great video of your vacation - right from your phone",
        "source": "CNBC",
        "url": "https://api.iextrading.com/1.0/stock/msft/article/7507612694664391",
        "summary": "No summary available.",
        "related": "AAPL,AMZN,GOOGL,MSFT",
        "image": "https://api.iextrading.com/1.0/stock/msft/news-image/7507612694664391"
      },
      {
        "datetime": "2018-06-22T07:38:05-04:00",
        "headline": "OPEC Showdown After Oil Output (Wall Street Breakfast Podcast)",
        "source": "SeekingAlpha",
        "url": "https://api.iextrading.com/1.0/stock/msft/article/6725255169207458",
        "summary": "    Today's top stories:  In today's top stories: OPEC showdown after oil output; EU retaliating against Trump tariffs; Airbus to exit the UK over Brexit.       If you are interested in listening to Wall Street Breakfast to start your day, look for us in the following places:       iTunes  (find …",
        "related": "AMZN,BA,BKS,DB,DIS,EADSY,EBAY,FB,FOX,GOOG,GOOGL,HD,INTC,INTHPINK,KR,LMT,MSFT,NASDAQ01,Oil & Energy,OPEC0001,QQQ,RHT,SPY,STMP,TSLA",
        "image": "https://api.iextrading.com/1.0/stock/msft/news-image/6725255169207458"
      },
      {
        "datetime": "2018-06-22T07:01:51-04:00",
        "headline": "Wall Street Breakfast: OPEC Showdown Over Oil Output",
        "source": "SeekingAlpha",
        "url": "https://api.iextrading.com/1.0/stock/msft/article/5420158622301078",
        "summary": "     Listen on the go! A daily podcast of Wall Street Breakfast will be available by 8:00 a.m. on  iTunes ,  Stitcher  and  SoundCloud  (click the highlighted links).              Laying the groundwork   all week for today's biannual meeting in Vienna, OPEC members, Russia and major producers are…",
        "related": "AMZN,BA,BKS,DB,DIS,EADSY,EBAY,Europe,FB,FOX,GOOG,GOOGL,HD,INTC,INTHPINK,KR,LIBYA001,LMT,Market and Economy,MSFT,NASDAQ01,Oil & Energy,OPEC0001,QQQ,RHT,SPY,STMP,TSLA,VENEZUEL",
        "image": "https://api.iextrading.com/1.0/stock/msft/news-image/5420158622301078"
      },
      {
        "datetime": "2018-06-22T02:17:03-04:00",
        "headline": "Take That: (The U.S.) Rule The World",
        "source": "SeekingAlpha",
        "url": "https://api.iextrading.com/1.0/stock/msft/article/4815510330110445",
        "summary": "   Background   One of the comments in the thread of my \"  Beware! 3 Indicators You Mustn't Ignore  \" article says the following (partial extract):     As far as the obsessive worry over trade wars, the main nations involved, Mexico, the EU, and China, need us 10-times more than we need them. The…",
        "related": "AAPL,AMZN,BABA,BCS,BIDU,CENTAMER,CHINA001,Computer Hardware,CON31167138,CS,DB,DDM,DIA,DOG,DXD,EEH,EPS,EQL,EWG,EWI,EWP,EWQ,EWU,FB,FEX,FWDD,GOOG,GOOGL,HUSV,HYG,ING,INTHPINK,IVV,IWL,IWM,JHML,JKD,JNK,JPM,MSFT,NASDAQ01,NEWMEXIC,OTPIX,PSQ,QID,QLD,QQEW,QQQ,QQQE,QQXT,RSP,RWM,RYARX,RYRSX,SAMERICA,SAN,SCHX,SDOW,SDS,SFLA,SH,SMLL,SPDN,SPLX,SPUU,SPXE,SPXL,SPXN,SPXS,SPXT,SPXU,SPY,SQQQ,SRTY,SSO,SYE,TCEHY,Computing and Information Technology,TNA,TQQQ,TUR,TWM,TZA,UDOW,UDPIX,UPRO,URTY,UWM,VFINX,VOO,VTWO,VV",
        "image": "https://api.iextrading.com/1.0/stock/msft/news-image/4815510330110445"
      },
      {
        "datetime": "2018-06-22T00:49:44-04:00",
        "headline": "Microsoft: Valuation Update",
        "source": "SeekingAlpha",
        "url": "https://api.iextrading.com/1.0/stock/msft/article/8292899239362298",
        "summary": "   Several factors indicate that Microsoft ( MSFT ) is overpriced. First and foremost, these are the technical parameters of stock dynamics.   Starting from 2012, Microsofts stock price has been following its long-term exponential trend (that always looks like a straight line on the graph…",
        "related": "APPSOFTW,MSFT,NASDAQ01,SOF31165134,Computing and Information Technology",
        "image": "https://api.iextrading.com/1.0/stock/msft/news-image/8292899239362298"
      },
      {
        "datetime": "2018-06-22T00:41:08-04:00",
        "headline": "The No. 1 Stock In The World (Redux) - Part 3",
        "source": "SeekingAlpha",
        "url": "https://api.iextrading.com/1.0/stock/msft/article/5772820715017738",
        "summary": "   Three years ago, I asked a panel of Seeking Alpha regulars to take part in the audacious exercise of choosing the best stock in the world.   The three-part series that came out of it ( Part 1 ,  Part 2 ,  Part 3 ) turned out to be such a hit with readers that I wanted to do an updated version …",
        "related": "AAPL,ABBV,BDX,BIP,BRK.B,Computer Hardware,CON31167138,ENB,ENB:CA,GOOG,GOOGL,HON,INTHPINK,JNJ,KO,LMT,MA,MCD,MKC,MMM,MO,MSFT,NASDAQ01,NEE,NKE,NTNX,PAC,PM,SEP,SPY,T,TCEHY,Computing and Information Technology,TSXTSX01,UNH,V,XLU",
        "image": "https://api.iextrading.com/1.0/stock/msft/news-image/5772820715017738"
      }
    ],
    "peers": [
      "CSCO",
      "AAPL",
      "CA",
      "SAP",
      "RHT",
      "IBM",
      "ORCL",
      "HPQ",
      "GOOGL",
      "XLK"
    ],
    "stats": {
      "companyName": "Microsoft Corporation",
      "marketcap": 782687329631,
      "beta": 1.044318,
      "week52high": 102.69,
      "week52low": 68.02,
      "week52change": 48.5607,
      "shortInterest": 52207161,
      "shortDate": "2018-05-31",
      "dividendRate": 1.68,
      "dividendYield": 1.6491607,
      "exDividendDate": "2018-08-15 00:00:00.0",
      "latestEPS": 2.71,
      "latestEPSDate": "2017-06-30",
      "sharesOutstanding": 7683197503,
      "float": 7223583180,
      "returnOnEquity": 15.42,
      "consensusEPS": 0.72,
      "numberOfEstimates": 14,
      "EPSSurpriseDollar": null,
      "EPSSurprisePercent": 16.6667,
      "symbol": "MSFT",
      "EBITDA": 32101000000,
      "revenue": 76773000000,
      "grossProfit": 48975000000,
      "cash": 414232000000,
      "debt": 266697000000,
      "ttmEPS": 3.38,
      "revenuePerShare": 10,
      "revenuePerEmployee": 619137,
      "peRatioHigh": 38.4,
      "peRatioLow": 11.9,
      "returnOnAssets": 4.88,
      "returnOnCapital": null,
      "profitMargin": 11.08,
      "priceToSales": 7.501338,
      "priceToBook": 9.81,
      "day200MovingAvg": 87.93261,
      "day50MovingAvg": 97.57851,
      "institutionPercent": 68.4,
      "insiderPercent": 6,
      "shortRatio": 2.293576,
      "year5ChangePercent": 2.3802048792639696,
      "year2ChangePercent": 1.0213997403041863,
      "year1ChangePercent": 0.43758303935492726,
      "ytdChangePercent": 0.17881167893494868,
      "month6ChangePercent": 0.18640402959097951,
      "month3ChangePercent": 0.1567479266436798,
      "month1ChangePercent": 0.01773768497871478,
      "day5ChangePercent": -0.004461629982153509,
      "day30ChangePercent": 0.03219320238943315
    },
    "company": {
      "symbol": "MSFT",
      "companyName": "Microsoft Corporation",
      "exchange": "Nasdaq Global Select",
      "industry": "Application Software",
      "website": "http://www.microsoft.com",
      "description": "Microsoft Corp is a technology company. It develop, license, and support a wide range of software products and services. Its business is organized into three segments: Productivity and Business Processes, Intelligent Cloud, and More Personal Computing.",
      "CEO": "Satya Nadella",
      "issueType": "cs",
      "sector": "Technology",
      "tags": [
        "Technology",
        "Software - Infrastructure",
        "Application Software"
      ]
    },
    "financials": {
      "symbol": "MSFT",
      "financials": [
        {
          "reportDate": "2018-03-31",
          "grossProfit": 17550000000,
          "costOfRevenue": 9269000000,
          "operatingRevenue": 26819000000,
          "totalRevenue": 26819000000,
          "operatingIncome": 8292000000,
          "netIncome": 7424000000,
          "researchAndDevelopment": 3715000000,
          "operatingExpense": 9258000000,
          "currentAssets": 156659000000,
          "totalAssets": 245497000000,
          "totalLiabilities": null,
          "currentCash": 9221000000,
          "currentDebt": 3677000000,
          "totalCash": 132270000000,
          "totalDebt": 77157000000,
          "shareholderEquity": 79239000000,
          "cashChange": -3663000000,
          "cashFlow": 12151000000,
          "operatingGainsLosses": -347000000
        },
        {
          "reportDate": "2017-12-31",
          "grossProfit": 17854000000,
          "costOfRevenue": 11064000000,
          "operatingRevenue": 28918000000,
          "totalRevenue": 28918000000,
          "operatingIncome": 8679000000,
          "netIncome": -6302000000,
          "researchAndDevelopment": 3504000000,
          "operatingExpense": 9175000000,
          "currentAssets": 167633000000,
          "totalAssets": 256003000000,
          "totalLiabilities": null,
          "currentCash": 12859000000,
          "currentDebt": 15912000000,
          "totalCash": 142780000000,
          "totalDebt": 89260000000,
          "shareholderEquity": 78360000000,
          "cashChange": 5992000000,
          "cashFlow": 7875000000,
          "operatingGainsLosses": -1749000000
        },
        {
          "reportDate": "2017-09-30",
          "grossProfit": 16260000000,
          "costOfRevenue": 8278000000,
          "operatingRevenue": 24538000000,
          "totalRevenue": 24538000000,
          "operatingIncome": 7708000000,
          "netIncome": 6576000000,
          "researchAndDevelopment": 3574000000,
          "operatingExpense": 8552000000,
          "currentAssets": 161031000000,
          "totalAssets": 249097000000,
          "totalLiabilities": null,
          "currentCash": 6884000000,
          "currentDebt": 9220000000,
          "totalCash": 138471000000,
          "totalDebt": 85475000000,
          "shareholderEquity": 89647000000,
          "cashChange": -805000000,
          "cashFlow": 12440000000,
          "operatingGainsLosses": -2329000000
        },
        {
          "reportDate": "2017-06-30",
          "grossProfit": 10528000000,
          "costOfRevenue": 8456000000,
          "operatingRevenue": 18984000000,
          "totalRevenue": 18984000000,
          "operatingIncome": 1289000000,
          "netIncome": 3784000000,
          "researchAndDevelopment": 3514000000,
          "operatingExpense": 9239000000,
          "currentAssets": 159851000000,
          "totalAssets": 241086000000,
          "totalLiabilities": null,
          "currentCash": 7663000000,
          "currentDebt": 10121000000,
          "totalCash": 132981000000,
          "totalDebt": 86194000000,
          "shareholderEquity": 72394000000,
          "cashChange": 935000000,
          "cashFlow": 11005000000,
          "operatingGainsLosses": 12385000000
        }
      ]
    },
    "splits": [],
    "volume-by-venue": [
      {
        "volume": 0,
        "venue": "XCIS",
        "venueName": "NYSE National",
        "marketPercent": 0,
        "avgMarketPercent": 0.00006285519877235716,
        "date": null
      },
      {
        "volume": 0,
        "venue": "XASE",
        "venueName": "NYSE American",
        "marketPercent": 0,
        "avgMarketPercent": 0.002876966634627781,
        "date": null
      },
      {
        "volume": 0,
        "venue": "XCHI",
        "venueName": "CHX",
        "marketPercent": 0,
        "avgMarketPercent": 0.004672909224297675,
        "date": null
      },
      {
        "volume": 0,
        "venue": "XPHL",
        "venueName": "Nasdaq PSX",
        "marketPercent": 0,
        "avgMarketPercent": 0.010061105773401649,
        "date": null
      },
      {
        "volume": 0,
        "venue": "EDGA",
        "venueName": "Cboe EDGA",
        "marketPercent": 0,
        "avgMarketPercent": 0.012344634123014536,
        "date": null
      },
      {
        "volume": 0,
        "venue": "BATY",
        "venueName": "Cboe BYX",
        "marketPercent": 0,
        "avgMarketPercent": 0.013070325442229778,
        "date": null
      },
      {
        "volume": 0,
        "venue": "XBOS",
        "venueName": "Nasdaq BX",
        "marketPercent": 0,
        "avgMarketPercent": 0.01710136674878395,
        "date": null
      },
      {
        "volume": 0,
        "venue": "XNYS",
        "venueName": "NYSE",
        "marketPercent": 0,
        "avgMarketPercent": 0.019451949642111596,
        "date": null
      },
      {
        "volume": 0,
        "venue": "IEXG",
        "venueName": "IEX",
        "marketPercent": 0,
        "avgMarketPercent": 0.022820273290439574,
        "date": null
      },
      {
        "volume": 0,
        "venue": "ARCX",
        "venueName": "NYSE Arca",
        "marketPercent": 0,
        "avgMarketPercent": 0.054475080227058104,
        "date": null
      },
      {
        "volume": 0,
        "venue": "EDGX",
        "venueName": "Cboe EDGX",
        "marketPercent": 0,
        "avgMarketPercent": 0.08112408657733133,
        "date": null
      },
      {
        "volume": 0,
        "venue": "BATS",
        "venueName": "Cboe BZX",
        "marketPercent": 0,
        "avgMarketPercent": 0.08800440679446081,
        "date": null
      },
      {
        "volume": 0,
        "venue": "TRF",
        "venueName": "Off Exchange",
        "marketPercent": 0,
        "avgMarketPercent": 0.30215459600173544,
        "date": null
      },
      {
        "volume": 0,
        "venue": "XNGS",
        "venueName": "Nasdaq",
        "marketPercent": 0,
        "avgMarketPercent": 0.37178515827088876,
        "date": null
      }
    ]
  },
  "SPOT": {
    "quote": {
      "symbol": "SPOT",
      "companyName": "Spotify Technology S.A.",
      "primaryExchange": "New York Stock Exchange",
      "sector": "Technology",
      "calculationPrice": "close",
      "open": 182.45,
      "openTime": 1529674224365,
      "close": 180.94,
      "closeTime": 1529697723229,
      "high": 182.45,
      "low": 177.402,
      "latestPrice": 180.94,
      "latestSource": "Close",
      "latestTime": "June 22, 2018",
      "latestUpdate": 1529697723229,
      "latestVolume": 1471042,
      "iexRealtimePrice": 181.55,
      "iexRealtimeSize": 100,
      "iexLastUpdated": 1529697597099,
      "delayedPrice": 180.94,
      "delayedPriceTime": 1529697723229,
      "extendedPrice": 182.46,
      "extendedChange": 1.52,
      "extendedChangePercent": 0.0084,
      "extendedPriceTime": 1529700768180,
      "previousClose": 179.53,
      "change": 1.41,
      "changePercent": 0.00785,
      "iexMarketPercent": 0.02994,
      "iexVolume": 44043,
      "avgTotalVolume": 2151893,
      "iexBidPrice": 0,
      "iexBidSize": 0,
      "iexAskPrice": 0,
      "iexAskSize": 0,
      "marketCap": 32227737270,
      "peRatio": null,
      "week52High": 182.45,
      "week52Low": 135.51,
      "ytdChange": 0.22213092074357432
    },
    "dividends": [],
    "news": [
      {
        "datetime": "2018-06-21T10:02:55-04:00",
        "headline": "Spotify +2% as Macquarie sees 25% upside",
        "source": "SeekingAlpha",
        "url": "https://api.iextrading.com/1.0/stock/spot/article/8266229904647892",
        "summary": "     Spotify (NYSE: SPOT ) is  up 2%  after a start at Outperform by Macquarie, which sees years of growth ahead and a target margin of 30-35% by 2022.   More news on: Spotify, Tech stocks news, Stocks on the move,     Read more …     ",
        "related": "INT31168144,NYSE0001,ONL31168,SPOT,Computing and Information Technology,WOMPOLIX",
        "image": "https://api.iextrading.com/1.0/stock/spot/news-image/8266229904647892"
      },
      {
        "datetime": "2018-06-21T07:38:46-04:00",
        "headline": "Market Keeps Rewarding Growth - Cramer&apos;s Mad Money (6/20/18)",
        "source": "SeekingAlpha",
        "url": "https://api.iextrading.com/1.0/stock/spot/article/6664199465187194",
        "summary": "         Stocks discussed on the in-depth session of Jim Cramer's Mad Money TV Program, Wednesday  , June 20.    Yes, the markets trade on interest rate hike and tariff fears but in reality, it loves growth. That's what happened with the Twenty First Century Fox ([[FOX]], [[FOXA]]), which say a  …",
        "related": "AIMT,AMC,CMCSA,CON102,DIS,ENT10210,FOX,FOXA,FSLR,HRB,I,INTU,MED10210023,NASDAQ01,PYPL,SPOT,SQ,THO,TWTR,WGO,WSM",
        "image": "https://api.iextrading.com/1.0/stock/spot/news-image/6664199465187194"
      }
    ],
    "peers": [
      "XLK"
    ],
    "stats": {
      "companyName": "Spotify Technology S.A.",
      "marketcap": 30259590388,
      "beta": -237.967529,
      "week52high": 180.02,
      "week52low": 135.51,
      "week52change": 0,
      "shortInterest": 2521848,
      "shortDate": "2018-05-31",
      "dividendRate": 0,
      "dividendYield": 0,
      "exDividendDate": 0,
      "latestEPS": -5.14,
      "latestEPSDate": "2017-12-31",
      "sharesOutstanding": 178112840,
      "float": 178112840,
      "returnOnEquity": -764.6,
      "consensusEPS": 0,
      "numberOfEstimates": 0,
      "EPSSurpriseDollar": null,
      "EPSSurprisePercent": 0,
      "symbol": "SPOT",
      "EBITDA": 0,
      "revenue": 0,
      "grossProfit": 0,
      "cash": 0,
      "debt": 0,
      "ttmEPS": 0,
      "revenuePerShare": 0,
      "revenuePerEmployee": 0,
      "peRatioHigh": 0,
      "peRatioLow": 0,
      "returnOnAssets": -38.44,
      "returnOnCapital": null,
      "profitMargin": -28.14,
      "priceToSales": 5.9732995,
      "priceToBook": 171.54,
      "day200MovingAvg": null,
      "day50MovingAvg": 160.6168,
      "institutionPercent": null,
      "insiderPercent": null,
      "shortRatio": 0.82133114,
      "year5ChangePercent": 0.21428092074357433,
      "year2ChangePercent": 0.21428092074357433,
      "year1ChangePercent": 0.21428092074357433,
      "ytdChangePercent": 0.21428092074357433,
      "month6ChangePercent": 0.21428092074357433,
      "month3ChangePercent": 0.21428092074357433,
      "month1ChangePercent": 0.17211893502623563,
      "day30ChangePercent": 0.15417490591312105,
      "day5ChangePercent": 0.037797533696587345
    },
    "company": {
      "symbol": "SPOT",
      "companyName": "Spotify Technology S.A.",
      "exchange": "New York Stock Exchange",
      "industry": "Online Media",
      "website": "http://www.spotify.com",
      "description": "Spotify Technology SA offers music streaming subscription service. Its platform includes Monthly active users and Premium Subscribers. It operates and manages business in two reportable segments Premium and Ad-Supported.",
      "CEO": "Daniel Ek",
      "issueType": "cs",
      "sector": "Technology",
      "tags": [
        "Technology",
        "Internet Content & Information",
        "Online Media"
      ]
    },
    "financials": {
      "symbol": "SPOT",
      "financials": [
        {
          "reportDate": "2018-03-31",
          "grossProfit": 348952018,
          "costOfRevenue": 1055487376,
          "operatingRevenue": 1404439394,
          "totalRevenue": 1404439394,
          "operatingIncome": -50554886,
          "netIncome": -208384774,
          "researchAndDevelopment": 141800290,
          "operatingExpense": 399506904,
          "currentAssets": 2389643148,
          "totalAssets": 3948213292,
          "totalLiabilities": null,
          "currentCash": 903822718,
          "currentDebt": null,
          "totalCash": 1943280496,
          "totalDebt": null,
          "shareholderEquity": 198520406,
          "cashChange": 327990236,
          "cashFlow": 103575864,
          "operatingGainsLosses": -2466092
        },
        {
          "reportDate": "2017-12-31",
          "grossProfit": 338531412,
          "costOfRevenue": 1040804022,
          "operatingRevenue": 1379335434,
          "totalRevenue": 1379335434,
          "operatingIncome": -104440542,
          "netIncome": -715477736,
          "researchAndDevelopment": 147657318,
          "operatingExpense": 442971954,
          "currentAssets": 2278484468,
          "totalAssets": 3729847862,
          "totalLiabilities": null,
          "currentCash": 572622282,
          "currentDebt": 1200466,
          "totalCash": 1811503194,
          "totalDebt": 1200466,
          "shareholderEquity": 1418950812,
          "cashChange": -212482482,
          "cashFlow": 114044270,
          "operatingGainsLosses": -3601398
        },
        {
          "reportDate": "2017-03-31",
          "grossProfit": 111878550,
          "costOfRevenue": 849211470,
          "operatingRevenue": 961090020,
          "totalRevenue": 961090020,
          "operatingIncome": -148105890,
          "netIncome": -184333230,
          "researchAndDevelopment": 85240800,
          "operatingExpense": 259984440,
          "currentAssets": null,
          "totalAssets": null,
          "totalLiabilities": null,
          "currentCash": 783149850,
          "currentDebt": null,
          "totalCash": null,
          "totalDebt": null,
          "shareholderEquity": null,
          "cashChange": -17048160,
          "cashFlow": 99092430,
          "operatingGainsLosses": -2131020
        }
      ]
    },
    "splits": [],
    "volume-by-venue": [
      {
        "volume": 0,
        "venue": "XCIS",
        "venueName": "NYSE National",
        "marketPercent": 0,
        "avgMarketPercent": 0.00008475117664062441,
        "date": null
      },
      {
        "volume": 0,
        "venue": "XCHI",
        "venueName": "CHX",
        "marketPercent": 0,
        "avgMarketPercent": 0.001407358414506835,
        "date": null
      },
      {
        "volume": 0,
        "venue": "XASE",
        "venueName": "NYSE American",
        "marketPercent": 0,
        "avgMarketPercent": 0.001897145884698711,
        "date": null
      },
      {
        "volume": 0,
        "venue": "XPHL",
        "venueName": "Nasdaq PSX",
        "marketPercent": 0,
        "avgMarketPercent": 0.004202181036777502,
        "date": null
      },
      {
        "volume": 0,
        "venue": "EDGA",
        "venueName": "Cboe EDGA",
        "marketPercent": 0,
        "avgMarketPercent": 0.008104138302206793,
        "date": null
      },
      {
        "volume": 0,
        "venue": "BATY",
        "venueName": "Cboe BYX",
        "marketPercent": 0,
        "avgMarketPercent": 0.023874417368281754,
        "date": null
      },
      {
        "volume": 0,
        "venue": "XBOS",
        "venueName": "Nasdaq BX",
        "marketPercent": 0,
        "avgMarketPercent": 0.03266264245030245,
        "date": null
      },
      {
        "volume": 0,
        "venue": "BATS",
        "venueName": "Cboe BZX",
        "marketPercent": 0,
        "avgMarketPercent": 0.0344032114135455,
        "date": null
      },
      {
        "volume": 0,
        "venue": "IEXG",
        "venueName": "IEX",
        "marketPercent": 0,
        "avgMarketPercent": 0.04049847592691906,
        "date": null
      },
      {
        "volume": 0,
        "venue": "EDGX",
        "venueName": "Cboe EDGX",
        "marketPercent": 0,
        "avgMarketPercent": 0.06731359130249034,
        "date": null
      },
      {
        "volume": 0,
        "venue": "ARCX",
        "venueName": "NYSE Arca",
        "marketPercent": 0,
        "avgMarketPercent": 0.06937293182519493,
        "date": null
      },
      {
        "volume": 0,
        "venue": "XNGS",
        "venueName": "Nasdaq",
        "marketPercent": 0,
        "avgMarketPercent": 0.09012892652858907,
        "date": null
      },
      {
        "volume": 0,
        "venue": "XNYS",
        "venueName": "NYSE",
        "marketPercent": 0,
        "avgMarketPercent": 0.1654409870128875,
        "date": null
      },
      {
        "volume": 0,
        "venue": "TRF",
        "venueName": "Off Exchange",
        "marketPercent": 0,
        "avgMarketPercent": 0.46061694605501907,
        "date": null
      }
    ]
  },
  "FB": {
    "quote": {
      "symbol": "FB",
      "companyName": "Facebook Inc.",
      "primaryExchange": "Nasdaq Global Select",
      "sector": "Technology",
      "calculationPrice": "close",
      "open": 201.72,
      "openTime": 1529674200929,
      "close": 201.74,
      "closeTime": 1529697600461,
      "high": 202.24,
      "low": 199.31,
      "latestPrice": 201.74,
      "latestSource": "Close",
      "latestTime": "June 22, 2018",
      "latestUpdate": 1529697600461,
      "latestVolume": 16995453,
      "iexRealtimePrice": 201.41,
      "iexRealtimeSize": 100,
      "iexLastUpdated": 1529697599885,
      "delayedPrice": 201.74,
      "delayedPriceTime": 1529697600461,
      "extendedPrice": 201.58,
      "extendedChange": -0.16,
      "extendedChangePercent": -0.00079,
      "extendedPriceTime": 1529701053175,
      "previousClose": 201.5,
      "change": 0.24,
      "changePercent": 0.00119,
      "iexMarketPercent": 0.02463,
      "iexVolume": 418598,
      "avgTotalVolume": 17178624,
      "iexBidPrice": 0,
      "iexBidSize": 0,
      "iexAskPrice": 0,
      "iexAskSize": 0,
      "marketCap": 583962201882,
      "peRatio": 29.67,
      "week52High": 203.55,
      "week52Low": 147.8,
      "ytdChange": 0.1131952915885791
    },
    "dividends": [],
    "news": [
      {
        "datetime": "2018-06-23T09:00:00-04:00",
        "headline": "Meet the man whose job it is to reassure people that Google search isn&apos;t evil",
        "source": "CNBC",
        "url": "https://api.iextrading.com/1.0/stock/fb/article/4538125717810457",
        "summary": "No summary available.",
        "related": "FB,GOOGL,TWTR",
        "image": "https://api.iextrading.com/1.0/stock/fb/news-image/4538125717810457"
      },
      {
        "datetime": "2018-06-23T07:30:33-04:00",
        "headline": "The Urge To Merge: Possible Implications From The AT&amp;T-Time Warner Ruling",
        "source": "SeekingAlpha",
        "url": "https://api.iextrading.com/1.0/stock/fb/article/8311502369256581",
        "summary": "   A recent US court ruling green-lighting the merger between AT&amp;T (T) and Time Warner (TWX) marked an historic event that some say could open the door to more merger-and-acquisition (M&amp;A) activity ahead. Sara Araghi, CFA, vice president, research analyst, Franklin Equity Group, and Marc …",
        "related": "AMZN,CMCSA,COM308,COM30845,FB,FOX,FOXA,GOOG,GOOGL,Mergers & Acquisitions,NASDAQ01,NFLX,S,T,TEL30845100,TMUS,TWX",
        "image": "https://api.iextrading.com/1.0/stock/fb/news-image/8311502369256581"
      }
    ],
    "peers": [
      "MSFT",
      "IAC",
      "TWTR",
      "WB",
      "GOOGL",
      "RENN",
      "MEET",
      "XLK"
    ],
    "stats": {
      "companyName": "Facebook Inc.",
      "marketcap": 583962201882,
      "beta": 0.86246,
      "week52high": 203.55,
      "week52low": 147.8,
      "week52change": 31.5124,
      "shortInterest": 27722131,
      "shortDate": "2018-05-31",
      "dividendRate": 0,
      "dividendYield": 0,
      "exDividendDate": 0,
      "latestEPS": 5.39,
      "latestEPSDate": "2017-12-31",
      "sharesOutstanding": 2894627748,
      "float": 2889341923,
      "returnOnEquity": 25.53,
      "consensusEPS": 1.36,
      "numberOfEstimates": 14,
      "EPSSurpriseDollar": null,
      "EPSSurprisePercent": 24.2647,
      "symbol": "FB",
      "EBITDA": 19626000000,
      "revenue": 32621000000,
      "grossProfit": 28325000000,
      "cash": 115452000000,
      "debt": 0,
      "ttmEPS": 6.800000000000001,
      "revenuePerShare": 11,
      "revenuePerEmployee": 1175871,
      "peRatioHigh": 0,
      "peRatioLow": 0,
      "returnOnAssets": 22.64,
      "returnOnCapital": null,
      "profitMargin": 40.7,
      "priceToSales": 13.292331,
      "priceToBook": 7.51,
      "day200MovingAvg": 177.78494,
      "day50MovingAvg": 182.9412,
      "institutionPercent": 55.8,
      "insiderPercent": 0.2,
      "shortRatio": 1.55195,
      "year5ChangePercent": 7.428660956757887,
      "year2ChangePercent": 0.7530413625304138,
      "year1ChangePercent": 0.300960856387438,
      "ytdChangePercent": 0.11200529158857911,
      "month6ChangePercent": 0.14631513154156486,
      "month3ChangePercent": 0.2657004830917876,
      "month1ChangePercent": 0.07940074906367042,
      "day5ChangePercent": 0.017296152488528095,
      "day30ChangePercent": 0.07888122359484465
    },
    "company": {
      "symbol": "FB",
      "companyName": "Facebook Inc.",
      "exchange": "Nasdaq Global Select",
      "industry": "Online Media",
      "website": "http://www.facebook.com",
      "description": "Facebook Inc is the world's largest online social network. Its products are Facebook, Instagram, Messenger, WhatsApp, and Oculus. Its products enable people to connect and share through mobile devices and personal computers.",
      "CEO": "Mark Zuckerberg",
      "issueType": "cs",
      "sector": "Technology",
      "tags": [
        "Technology",
        "Internet Content & Information",
        "Online Media"
      ]
    },
    "financials": {
      "symbol": "FB",
      "financials": [
        {
          "reportDate": "2018-03-31",
          "grossProfit": 10039000000,
          "costOfRevenue": 1927000000,
          "operatingRevenue": 11795000000,
          "totalRevenue": 11966000000,
          "operatingIncome": 5449000000,
          "netIncome": 4988000000,
          "researchAndDevelopment": 2238000000,
          "operatingExpense": 4590000000,
          "currentAssets": 50412000000,
          "totalAssets": 88945000000,
          "totalLiabilities": null,
          "currentCash": 12210000000,
          "currentDebt": null,
          "totalCash": 43956000000,
          "totalDebt": null,
          "shareholderEquity": 77620000000,
          "cashChange": 3970000000,
          "cashFlow": 7860000000,
          "operatingGainsLosses": null
        },
        {
          "reportDate": "2017-12-31",
          "grossProfit": 11361000000,
          "costOfRevenue": 1611000000,
          "operatingRevenue": 12779000000,
          "totalRevenue": 12972000000,
          "operatingIncome": 7352000000,
          "netIncome": 4269000000,
          "researchAndDevelopment": 1949000000,
          "operatingExpense": 4009000000,
          "currentAssets": 48563000000,
          "totalAssets": 84524000000,
          "totalLiabilities": null,
          "currentCash": 8079000000,
          "currentDebt": null,
          "totalCash": 41711000000,
          "totalDebt": null,
          "shareholderEquity": 74347000000,
          "cashChange": 835000000,
          "cashFlow": 7671000000,
          "operatingGainsLosses": null
        },
        {
          "reportDate": "2017-09-30",
          "grossProfit": 8880000000,
          "costOfRevenue": 1448000000,
          "operatingRevenue": 10142000000,
          "totalRevenue": 10328000000,
          "operatingIncome": 5122000000,
          "netIncome": 4707000000,
          "researchAndDevelopment": 2052000000,
          "operatingExpense": 3758000000,
          "currentAssets": 44203000000,
          "totalAssets": 78998000000,
          "totalLiabilities": null,
          "currentCash": 7201000000,
          "currentDebt": null,
          "totalCash": 38289000000,
          "totalDebt": null,
          "shareholderEquity": 71208000000,
          "cashChange": 882000000,
          "cashFlow": 6127000000,
          "operatingGainsLosses": null
        },
        {
          "reportDate": "2017-06-30",
          "grossProfit": 8084000000,
          "costOfRevenue": 1237000000,
          "operatingRevenue": 9164000000,
          "totalRevenue": 9321000000,
          "operatingIncome": 4401000000,
          "netIncome": 3894000000,
          "researchAndDevelopment": 1919000000,
          "operatingExpense": 3683000000,
          "currentAssets": 40804000000,
          "totalAssets": 73843000000,
          "totalLiabilities": null,
          "currentCash": 6252000000,
          "currentDebt": null,
          "totalCash": 35452000000,
          "totalDebt": null,
          "shareholderEquity": 66481000000,
          "cashChange": -920000000,
          "cashFlow": 5360000000,
          "operatingGainsLosses": null
        }
      ]
    },
    "splits": [],
    "volume-by-venue": [
      {
        "volume": 0,
        "venue": "XCIS",
        "venueName": "NYSE National",
        "marketPercent": 0,
        "avgMarketPercent": 0.00008657586832893723,
        "date": null
      },
      {
        "volume": 0,
        "venue": "XASE",
        "venueName": "NYSE American",
        "marketPercent": 0,
        "avgMarketPercent": 0.0013414115889849687,
        "date": null
      },
      {
        "volume": 0,
        "venue": "XPHL",
        "venueName": "Nasdaq PSX",
        "marketPercent": 0,
        "avgMarketPercent": 0.005033898029062622,
        "date": null
      },
      {
        "volume": 0,
        "venue": "XNYS",
        "venueName": "NYSE",
        "marketPercent": 0,
        "avgMarketPercent": 0.005859696876192,
        "date": null
      },
      {
        "volume": 0,
        "venue": "EDGA",
        "venueName": "Cboe EDGA",
        "marketPercent": 0,
        "avgMarketPercent": 0.009015097036313717,
        "date": null
      },
      {
        "volume": 0,
        "venue": "BATY",
        "venueName": "Cboe BYX",
        "marketPercent": 0,
        "avgMarketPercent": 0.013995933275636726,
        "date": null
      },
      {
        "volume": 0,
        "venue": "XBOS",
        "venueName": "Nasdaq BX",
        "marketPercent": 0,
        "avgMarketPercent": 0.017660696860842578,
        "date": null
      },
      {
        "volume": 0,
        "venue": "XCHI",
        "venueName": "CHX",
        "marketPercent": 0,
        "avgMarketPercent": 0.02050187077308148,
        "date": null
      },
      {
        "volume": 0,
        "venue": "IEXG",
        "venueName": "IEX",
        "marketPercent": 0,
        "avgMarketPercent": 0.03171603513841089,
        "date": null
      },
      {
        "volume": 0,
        "venue": "BATS",
        "venueName": "Cboe BZX",
        "marketPercent": 0,
        "avgMarketPercent": 0.06341902912186823,
        "date": null
      },
      {
        "volume": 0,
        "venue": "ARCX",
        "venueName": "NYSE Arca",
        "marketPercent": 0,
        "avgMarketPercent": 0.0670936648923023,
        "date": null
      },
      {
        "volume": 0,
        "venue": "EDGX",
        "venueName": "Cboe EDGX",
        "marketPercent": 0,
        "avgMarketPercent": 0.07144448368349379,
        "date": null
      },
      {
        "volume": 0,
        "venue": "XNGS",
        "venueName": "Nasdaq",
        "marketPercent": 0,
        "avgMarketPercent": 0.3022560349404464,
        "date": null
      },
      {
        "volume": 0,
        "venue": "TRF",
        "venueName": "Off Exchange",
        "marketPercent": 0,
        "avgMarketPercent": 0.3905873777551314,
        "date": null
      }
    ]
  },
  "TWTR": {
    "quote": {
      "symbol": "TWTR",
      "companyName": "Twitter Inc.",
      "primaryExchange": "New York Stock Exchange",
      "sector": "Technology",
      "calculationPrice": "close",
      "open": 45.62,
      "openTime": 1529674240435,
      "close": 45.88,
      "closeTime": 1529697627589,
      "high": 46.01,
      "low": 44.5,
      "latestPrice": 45.88,
      "latestSource": "Close",
      "latestTime": "June 22, 2018",
      "latestUpdate": 1529697627589,
      "latestVolume": 31072697,
      "iexRealtimePrice": 45.92,
      "iexRealtimeSize": 100,
      "iexLastUpdated": 1529697593435,
      "delayedPrice": 45.88,
      "delayedPriceTime": 1529697627589,
      "extendedPrice": 45.75,
      "extendedChange": -0.13,
      "extendedChangePercent": -0.00283,
      "extendedPriceTime": 1529701040278,
      "previousClose": 45.24,
      "change": 0.64,
      "changePercent": 0.01415,
      "iexMarketPercent": 0.01183,
      "iexVolume": 367590,
      "avgTotalVolume": 30977932,
      "iexBidPrice": 0,
      "iexBidSize": 0,
      "iexAskPrice": 0,
      "iexAskSize": 0,
      "marketCap": 34532339846,
      "peRatio": 241.47,
      "week52High": 47.79,
      "week52Low": 15.67,
      "ytdChange": 0.8860390248878008
    },
    "dividends": [],
    "news": [
      {
        "datetime": "2018-06-23T09:00:00-04:00",
        "headline": "Meet the man whose job it is to reassure people that Google search isn&apos;t evil",
        "source": "CNBC",
        "url": "https://api.iextrading.com/1.0/stock/twtr/article/4538125717810457",
        "summary": "No summary available.",
        "related": "FB,GOOGL,TWTR",
        "image": "https://api.iextrading.com/1.0/stock/twtr/news-image/4538125717810457"
      },
      {
        "datetime": "2018-06-23T08:49:01-04:00",
        "headline": "Stocks To Watch: More Trade Tiffs And Stress Tests",
        "source": "SeekingAlpha",
        "url": "https://api.iextrading.com/1.0/stock/twtr/article/6760303659789651",
        "summary": "   Welcome to Seeking Alpha's Stocks to Watch - a preview of key events scheduled for the next week. Follow this account and turn the e-mail alert on to receive this article in your inbox every Saturday morning.  Trade battles are set to dominate another week's action, with a set of hair-trigger …",
        "related": "AAPL,ACN,AKAM,AKAO,ATRC,BAC,BBBY,BIDU,BIIB,BJ,BLK,BV,C,CAG,CBAY,CCL,CHINA001,CMCSA,CMG,Computer Hardware,CON31167138,COOL,CTRV,DIS,DRRX,EVER,FII,FTSV,GAIN,GBLK,GIS,GS,GWPH,HEI,INFO,INTHPINK,JPM,LEA,MCK,MD,Meetings,MKC,MNKD,NASDAQ01,NKE,NSM,NTGN,NTRA,NTRS,PAYX,PIR,PPC,PRGS,PS,PTIE,QCOM,RAD,S,SBHMY,SBKO,SNE,SNX,SONC,SRE,STIM,STZ,TBIO,TCDA,Computing and Information Technology,TEGP,TEP,TMCXU,TMUS,TWTR,VTIQU,WBA,WFC,WMIH",
        "image": "https://api.iextrading.com/1.0/stock/twtr/news-image/6760303659789651"
      }
    ],
    "peers": [
      "MSFT",
      "SINA",
      "TRIP",
      "FB",
      "GOOGL",
      "LFGR",
      "RENN",
      "MEET",
      "XLK"
    ],
    "stats": {
      "consensusEPS": 0.01,
      "numberOfEstimates": 9,
      "EPSSurpriseDollar": null,
      "EPSSurprisePercent": 800,
      "symbol": "TWTR",
      "EBITDA": 335850000,
      "revenue": 1895048000,
      "grossProfit": 1254145000,
      "cash": 12741110000,
      "debt": 5312247000,
      "ttmEPS": 0.19,
      "revenuePerShare": 3,
      "revenuePerEmployee": 561995,
      "returnOnEquity": 0.29,
      "peRatioHigh": 0,
      "peRatioLow": 0,
      "companyName": "Twitter Inc.",
      "marketcap": 33832359984,
      "beta": 0.974612,
      "week52high": 47.79,
      "week52low": 15.67,
      "week52change": 163.4818,
      "shortInterest": 40604552,
      "shortDate": "2018-05-31",
      "dividendRate": 0,
      "dividendYield": 0,
      "exDividendDate": 0,
      "latestEPS": 0,
      "latestEPSDate": "2017-12-31",
      "sharesOutstanding": 752666518,
      "float": 738328740,
      "returnOnAssets": 0.2,
      "returnOnCapital": null,
      "profitMargin": 0.57,
      "priceToSales": 13.301449,
      "priceToBook": 6.54,
      "day200MovingAvg": 26.9939,
      "day50MovingAvg": 35.3674,
      "institutionPercent": 59.2,
      "insiderPercent": 1.9,
      "shortRatio": 2.4414644,
      "year5ChangePercent": 0.021826280623608106,
      "year2ChangePercent": 1.6924882629107985,
      "year1ChangePercent": 1.4800000000000002,
      "ytdChangePercent": 0.8718890248878008,
      "month6ChangePercent": 0.8911788953009069,
      "month3ChangePercent": 0.4785691266516275,
      "month1ChangePercent": 0.3728306403351287,
      "day5ChangePercent": -0.0026086956521738573,
      "day30ChangePercent": 0.4009160305343512
    },
    "company": {
      "symbol": "TWTR",
      "companyName": "Twitter Inc.",
      "exchange": "New York Stock Exchange",
      "industry": "Online Media",
      "website": "https://www.twitter.com",
      "description": "Twitter Inc is a social networking platform for public self-expression and conversation in real time. Its services are live, which includes live commentary, live connections, and live conversations. It generates a majority of its revenue from advertising.",
      "CEO": "Jack Dorsey",
      "issueType": "cs",
      "sector": "Technology",
      "tags": [
        "Technology",
        "Internet Content & Information",
        "Online Media"
      ]
    },
    "financials": {
      "symbol": "TWTR",
      "financials": [
        {
          "reportDate": "2018-03-31",
          "grossProfit": 442048000,
          "costOfRevenue": 222823000,
          "operatingRevenue": 664871000,
          "totalRevenue": 664871000,
          "operatingIncome": 74925000,
          "netIncome": 60997000,
          "researchAndDevelopment": 123346000,
          "operatingExpense": 367123000,
          "currentAssets": 5409235000,
          "totalAssets": 7539441000,
          "totalLiabilities": null,
          "currentCash": 1630452000,
          "currentDebt": 86571000,
          "totalCash": 4528831000,
          "totalDebt": 1808605000,
          "shareholderEquity": 5210436000,
          "cashChange": -45355000,
          "cashFlow": 242673000,
          "operatingGainsLosses": null
        },
        {
          "reportDate": "2017-12-31",
          "grossProfit": 513581000,
          "costOfRevenue": 217979000,
          "operatingRevenue": 731560000,
          "totalRevenue": 731560000,
          "operatingIncome": 110098000,
          "netIncome": 91079000,
          "researchAndDevelopment": 133996000,
          "operatingExpense": 403483000,
          "currentAssets": 5321884000,
          "totalAssets": 7412477000,
          "totalLiabilities": null,
          "currentCash": 1638413000,
          "currentDebt": 84976000,
          "totalCash": 4403102000,
          "totalDebt": 1793744000,
          "shareholderEquity": 5047218000,
          "cashChange": 50682000,
          "cashFlow": 198107000,
          "operatingGainsLosses": null
        },
        {
          "reportDate": "2017-09-30",
          "grossProfit": 379617000,
          "costOfRevenue": 210016000,
          "operatingRevenue": 589633000,
          "totalRevenue": 589633000,
          "operatingIncome": 7279000,
          "netIncome": -21095000,
          "researchAndDevelopment": 136115000,
          "operatingExpense": 372338000,
          "currentAssets": 5002422000,
          "totalAssets": 7075789000,
          "totalLiabilities": null,
          "currentCash": 1586558000,
          "currentDebt": 81938000,
          "totalCash": 4258096000,
          "totalDebt": 1772492000,
          "shareholderEquity": 4829406000,
          "cashChange": 297958000,
          "cashFlow": 239947000,
          "operatingGainsLosses": null
        },
        {
          "reportDate": "2017-06-30",
          "grossProfit": 360947000,
          "costOfRevenue": 212908000,
          "operatingRevenue": 573855000,
          "totalRevenue": 573855000,
          "operatingIncome": -38359000,
          "netIncome": -116488000,
          "researchAndDevelopment": 143171000,
          "operatingExpense": 399306000,
          "currentAssets": 4840102000,
          "totalAssets": 6963098000,
          "totalLiabilities": null,
          "currentCash": 1288323000,
          "currentDebt": 80133000,
          "totalCash": 4079912000,
          "totalDebt": 1746011000,
          "shareholderEquity": 4728896000,
          "cashChange": 94071000,
          "cashFlow": 189707000,
          "operatingGainsLosses": null
        }
      ]
    },
    "splits": [],
    "volume-by-venue": [
      {
        "volume": 0,
        "venue": "XCIS",
        "venueName": "NYSE National",
        "marketPercent": 0,
        "avgMarketPercent": 0.0002922021800616199,
        "date": null
      },
      {
        "volume": 0,
        "venue": "XASE",
        "venueName": "NYSE American",
        "marketPercent": 0,
        "avgMarketPercent": 0.0021855638361258753,
        "date": null
      },
      {
        "volume": 0,
        "venue": "XCHI",
        "venueName": "CHX",
        "marketPercent": 0,
        "avgMarketPercent": 0.002577959243511653,
        "date": null
      },
      {
        "volume": 0,
        "venue": "XPHL",
        "venueName": "Nasdaq PSX",
        "marketPercent": 0,
        "avgMarketPercent": 0.004999734828624404,
        "date": null
      },
      {
        "volume": 0,
        "venue": "EDGA",
        "venueName": "Cboe EDGA",
        "marketPercent": 0,
        "avgMarketPercent": 0.009315418468620804,
        "date": null
      },
      {
        "volume": 0,
        "venue": "XBOS",
        "venueName": "Nasdaq BX",
        "marketPercent": 0,
        "avgMarketPercent": 0.012351341690587755,
        "date": null
      },
      {
        "volume": 0,
        "venue": "IEXG",
        "venueName": "IEX",
        "marketPercent": 0,
        "avgMarketPercent": 0.0157509531047959,
        "date": null
      },
      {
        "volume": 0,
        "venue": "BATY",
        "venueName": "Cboe BYX",
        "marketPercent": 0,
        "avgMarketPercent": 0.017755534341814764,
        "date": null
      },
      {
        "volume": 0,
        "venue": "BATS",
        "venueName": "Cboe BZX",
        "marketPercent": 0,
        "avgMarketPercent": 0.037210630413478704,
        "date": null
      },
      {
        "volume": 0,
        "venue": "ARCX",
        "venueName": "NYSE Arca",
        "marketPercent": 0,
        "avgMarketPercent": 0.05734408296294783,
        "date": null
      },
      {
        "volume": 0,
        "venue": "EDGX",
        "venueName": "Cboe EDGX",
        "marketPercent": 0,
        "avgMarketPercent": 0.06239815381456519,
        "date": null
      },
      {
        "volume": 0,
        "venue": "XNGS",
        "venueName": "Nasdaq",
        "marketPercent": 0,
        "avgMarketPercent": 0.08369503556821546,
        "date": null
      },
      {
        "volume": 0,
        "venue": "XNYS",
        "venueName": "NYSE",
        "marketPercent": 0,
        "avgMarketPercent": 0.24224168882164512,
        "date": null
      },
      {
        "volume": 0,
        "venue": "TRF",
        "venueName": "Off Exchange",
        "marketPercent": 0,
        "avgMarketPercent": 0.45202544449148985,
        "date": null
      }
    ]
  },
  "SNAP": {
    "quote": {
      "symbol": "SNAP",
      "companyName": "Snap Inc. Class A",
      "primaryExchange": "New York Stock Exchange",
      "sector": "Technology",
      "calculationPrice": "close",
      "open": 13.23,
      "openTime": 1529674253220,
      "close": 13.2,
      "closeTime": 1529697721134,
      "high": 13.3,
      "low": 12.94,
      "latestPrice": 13.2,
      "latestSource": "Close",
      "latestTime": "June 22, 2018",
      "latestUpdate": 1529697721134,
      "latestVolume": 13465763,
      "iexRealtimePrice": 13.205,
      "iexRealtimeSize": 100,
      "iexLastUpdated": 1529697590811,
      "delayedPrice": 13.2,
      "delayedPriceTime": 1529697721134,
      "extendedPrice": 13.18,
      "extendedChange": -0.02,
      "extendedChangePercent": -0.00152,
      "extendedPriceTime": 1529700938177,
      "previousClose": 13.24,
      "change": -0.04,
      "changePercent": -0.00302,
      "iexMarketPercent": 0.01808,
      "iexVolume": 243461,
      "avgTotalVolume": 29737393,
      "iexBidPrice": 0,
      "iexBidSize": 0,
      "iexAskPrice": 0,
      "iexAskSize": 0,
      "marketCap": 16607858678,
      "peRatio": -10.73,
      "week52High": 21.22,
      "week52Low": 10.5,
      "ytdChange": -0.12007685618729097
    },
    "dividends": [],
    "news": [
      {
        "datetime": "2018-06-22T18:47:00-04:00",
        "headline": "Cramer&apos;s lightning round: I don&apos;t like Snap&apos;s ownership structure",
        "source": "CNBC",
        "url": "https://api.iextrading.com/1.0/stock/snap/article/7470519757281637",
        "summary": "No summary available.",
        "related": "CRSP,GILD,IRM,SNAP,TRST",
        "image": "https://api.iextrading.com/1.0/stock/snap/news-image/7470519757281637"
      },
      {
        "datetime": "2018-06-22T11:27:56-04:00",
        "headline": "ProSnap, GoFace, Or iGo Coming Soon?",
        "source": "SeekingAlpha",
        "url": "https://api.iextrading.com/1.0/stock/snap/article/5736801211051754",
        "summary": "   There's long been speculation that  GoPro  ( GPRO ) would be acquired, but have recent actions by GoPro provided an indication that a sale could be coming sooner rather than later? It recently released the 'GoPro Hero', a cheaper camera priced to attract the attention of a wider audience while…",
        "related": "AAPL,AMZN,Computer Hardware,CON31167138,FB,GOOG,GPRO,GRMN,NASDAQ01,SNAP,SNE,Computing and Information Technology,XI:BZX",
        "image": "https://api.iextrading.com/1.0/stock/snap/news-image/5736801211051754"
      },
      {
        "datetime": "2018-06-22T10:55:35-04:00",
        "headline": "Google Vs. Apple: There Is A Clear Winner",
        "source": "SeekingAlpha",
        "url": "https://api.iextrading.com/1.0/stock/snap/article/6745100736317868",
        "summary": "   Warren Buffett recently bought 75 million Apple  ( AAPL ) shares for Berkshire Hathaway  ( BRK.A )  ( BRK.B ). He criticized investors and analysts that invest by trying to guess the number of iPhones that Apple will sell next quarter, as they are missing the long-term view of the company.    …",
        "related": "AAPL,AMZN,BRK.A,BRK.B,CON102,FB,GOOG,GOOGL,MSFT,MTCH,NASDAQ01,RET10217,SNAP,SPECRTIL,TWTR",
        "image": "https://api.iextrading.com/1.0/stock/snap/news-image/6745100736317868"
      }
    ],
    "peers": [
      "REIS",
      "RENN",
      "XLK"
    ],
    "stats": {
      "companyName": "Snap Inc. Class A",
      "marketcap": 16746257501,
      "beta": -2.410174,
      "week52high": 21.22,
      "week52low": 10.5,
      "week52change": -25.5593,
      "shortInterest": 123197938,
      "shortDate": "2018-05-31",
      "dividendRate": 0,
      "dividendYield": 0,
      "exDividendDate": 0,
      "latestEPS": -3.27,
      "latestEPSDate": "2017-12-31",
      "sharesOutstanding": 1258171112,
      "float": 1064169561,
      "returnOnEquity": -49.7,
      "consensusEPS": -0.33,
      "numberOfEstimates": 9,
      "EPSSurpriseDollar": null,
      "EPSSurprisePercent": 15.1515,
      "symbol": "SNAP",
      "EBITDA": -1199958000,
      "revenue": 675301000,
      "grossProfit": 121197000,
      "cash": 7138703000,
      "debt": 0,
      "ttmEPS": -1.23,
      "revenuePerShare": 1,
      "revenuePerEmployee": 220039,
      "peRatioHigh": 0,
      "peRatioLow": 0,
      "returnOnAssets": -44.91,
      "returnOnCapital": null,
      "profitMargin": null,
      "priceToSales": 18.38719,
      "priceToBook": 5.97,
      "day200MovingAvg": 14.58683,
      "day50MovingAvg": 12.5978,
      "institutionPercent": 20.1,
      "insiderPercent": 15.4,
      "shortRatio": 3.8331072,
      "year5ChangePercent": -0.4607843137254902,
      "year2ChangePercent": -0.4607843137254902,
      "year1ChangePercent": -0.24743443557582667,
      "ytdChangePercent": -0.11705685618729098,
      "month6ChangePercent": -0.12058627581612262,
      "month3ChangePercent": -0.19315403422982885,
      "month1ChangePercent": 0.23943661971830976,
      "day5ChangePercent": -0.06049822064056949,
      "day30ChangePercent": 0.19565217391304351
    },
    "company": {
      "symbol": "SNAP",
      "companyName": "Snap Inc. Class A",
      "exchange": "New York Stock Exchange",
      "industry": "Online Media",
      "website": "http://www.snap.com",
      "description": "Snap Inc is a camera application developer. Its main product is Snapchat, a camera application created to help people communicate through short videos and images. It also offers Spectacles, which are camera-enabled sunglasses.",
      "CEO": "Evan Spiegel",
      "issueType": "cs",
      "sector": "Technology",
      "tags": [
        "Technology",
        "Internet Content & Information",
        "Online Media"
      ]
    },
    "financials": {
      "symbol": "SNAP",
      "financials": [
        {
          "reportDate": "2018-03-31",
          "grossProfit": 33868000,
          "costOfRevenue": 196798000,
          "operatingRevenue": 230666000,
          "totalRevenue": 230666000,
          "operatingIncome": -392530000,
          "netIncome": -385785000,
          "researchAndDevelopment": 200986000,
          "operatingExpense": 426398000,
          "currentAssets": 2111231000,
          "totalAssets": 3182030000,
          "totalLiabilities": null,
          "currentCash": 469531000,
          "currentDebt": null,
          "totalCash": 1821353000,
          "totalDebt": null,
          "shareholderEquity": 2791848000,
          "cashChange": 132524000,
          "cashFlow": -231981000,
          "operatingGainsLosses": null
        },
        {
          "reportDate": "2017-12-31",
          "grossProfit": 94447000,
          "costOfRevenue": 191246000,
          "operatingRevenue": 285693000,
          "totalRevenue": 285693000,
          "operatingIncome": -360964000,
          "netIncome": -349977000,
          "researchAndDevelopment": 233838000,
          "operatingExpense": 455411000,
          "currentAssets": 2366794000,
          "totalAssets": 3421566000,
          "totalLiabilities": null,
          "currentCash": 334063000,
          "currentDebt": null,
          "totalCash": 2043039000,
          "totalDebt": null,
          "shareholderEquity": 2992327000,
          "cashChange": 16509000,
          "cashFlow": -176083000,
          "operatingGainsLosses": null
        },
        {
          "reportDate": "2017-09-30",
          "grossProfit": -2773000,
          "costOfRevenue": 210710000,
          "operatingRevenue": 207937000,
          "totalRevenue": 207937000,
          "operatingIncome": -461827000,
          "netIncome": -443159000,
          "researchAndDevelopment": 239442000,
          "operatingExpense": 459054000,
          "currentAssets": 2547731000,
          "totalAssets": 3542380000,
          "totalLiabilities": null,
          "currentCash": 317554000,
          "currentDebt": null,
          "totalCash": 2298068000,
          "totalDebt": null,
          "shareholderEquity": 3175270000,
          "cashChange": -184123000,
          "cashFlow": -194013000,
          "operatingGainsLosses": null
        },
        {
          "reportDate": "2017-06-30",
          "grossProfit": 29523000,
          "costOfRevenue": 152148000,
          "operatingRevenue": 181671000,
          "totalRevenue": 181671000,
          "operatingIncome": -449018000,
          "netIncome": -443093000,
          "researchAndDevelopment": 255735000,
          "operatingExpense": 478541000,
          "currentAssets": 3046898000,
          "totalAssets": 3875474000,
          "totalLiabilities": null,
          "currentCash": 501677000,
          "currentDebt": null,
          "totalCash": 2797596000,
          "totalDebt": null,
          "shareholderEquity": 3540907000,
          "cashChange": -925437000,
          "cashFlow": -209574000,
          "operatingGainsLosses": null
        }
      ]
    },
    "splits": [],
    "volume-by-venue": [
      {
        "volume": 0,
        "venue": "XCIS",
        "venueName": "NYSE National",
        "marketPercent": 0,
        "avgMarketPercent": 0.0001018777503548376,
        "date": null
      },
      {
        "volume": 0,
        "venue": "XASE",
        "venueName": "NYSE American",
        "marketPercent": 0,
        "avgMarketPercent": 0.0016857036983578483,
        "date": null
      },
      {
        "volume": 0,
        "venue": "XPHL",
        "venueName": "Nasdaq PSX",
        "marketPercent": 0,
        "avgMarketPercent": 0.004111457027586717,
        "date": null
      },
      {
        "volume": 0,
        "venue": "EDGA",
        "venueName": "Cboe EDGA",
        "marketPercent": 0,
        "avgMarketPercent": 0.00886679253461646,
        "date": null
      },
      {
        "volume": 0,
        "venue": "XBOS",
        "venueName": "Nasdaq BX",
        "marketPercent": 0,
        "avgMarketPercent": 0.014099384735962284,
        "date": null
      },
      {
        "volume": 0,
        "venue": "XCHI",
        "venueName": "CHX",
        "marketPercent": 0,
        "avgMarketPercent": 0.016876733378925944,
        "date": null
      },
      {
        "volume": 0,
        "venue": "IEXG",
        "venueName": "IEX",
        "marketPercent": 0,
        "avgMarketPercent": 0.0181584331951276,
        "date": null
      },
      {
        "volume": 0,
        "venue": "BATY",
        "venueName": "Cboe BYX",
        "marketPercent": 0,
        "avgMarketPercent": 0.030938525541421326,
        "date": null
      },
      {
        "volume": 0,
        "venue": "BATS",
        "venueName": "Cboe BZX",
        "marketPercent": 0,
        "avgMarketPercent": 0.03848368320512235,
        "date": null
      },
      {
        "volume": 0,
        "venue": "ARCX",
        "venueName": "NYSE Arca",
        "marketPercent": 0,
        "avgMarketPercent": 0.04557292938977857,
        "date": null
      },
      {
        "volume": 0,
        "venue": "XNGS",
        "venueName": "Nasdaq",
        "marketPercent": 0,
        "avgMarketPercent": 0.0635091956235461,
        "date": null
      },
      {
        "volume": 0,
        "venue": "EDGX",
        "venueName": "Cboe EDGX",
        "marketPercent": 0,
        "avgMarketPercent": 0.07043643340029954,
        "date": null
      },
      {
        "volume": 0,
        "venue": "XNYS",
        "venueName": "NYSE",
        "marketPercent": 0,
        "avgMarketPercent": 0.20839956004290397,
        "date": null
      },
      {
        "volume": 0,
        "venue": "TRF",
        "venueName": "Off Exchange",
        "marketPercent": 0,
        "avgMarketPercent": 0.4787685520771682,
        "date": null
      }
    ]
  },
  "HACK": {
    "quote": {
      "symbol": "HACK",
      "companyName": "ETFMG Prime Cyber Security",
      "primaryExchange": "NYSE Arca",
      "sector": "",
      "calculationPrice": "close",
      "open": 38.52,
      "openTime": 1529674200117,
      "close": 37.81,
      "closeTime": 1529697600411,
      "high": 38.55,
      "low": 37.751,
      "latestPrice": 37.81,
      "latestSource": "Close",
      "latestTime": "June 22, 2018",
      "latestUpdate": 1529697600411,
      "latestVolume": 343457,
      "iexRealtimePrice": 37.8,
      "iexRealtimeSize": 100,
      "iexLastUpdated": 1529697555587,
      "delayedPrice": 37.81,
      "delayedPriceTime": 1529698200002,
      "extendedPrice": 37.81,
      "extendedChange": 0,
      "extendedChangePercent": 0,
      "extendedPriceTime": 1529700092000,
      "previousClose": 38.47,
      "change": -0.66,
      "changePercent": -0.01716,
      "iexMarketPercent": 0.01406,
      "iexVolume": 4829,
      "avgTotalVolume": 414096,
      "iexBidPrice": 0,
      "iexBidSize": 0,
      "iexAskPrice": 0,
      "iexAskSize": 0,
      "marketCap": 0,
      "peRatio": null,
      "week52High": 39.67,
      "week52Low": 28.38,
      "ytdChange": 0.15852407960199025
    },
    "dividends": [],
    "news": [
      {
        "datetime": "2018-06-18T12:11:36-04:00",
        "headline": "Time To Slow Walk",
        "source": "SeekingAlpha",
        "url": "https://api.iextrading.com/1.0/stock/hack/article/4630338591795325",
        "summary": "   After an impressive upside run in the last two weeks, the stock market has earned the right to take a breather. If the technical action of the last two trading sessions is any indication, the market might use the next few days to consolidate its recent gains before proceeding higher. In today&…",
        "related": "EEM,FDN,HACK,XLF,XLK,XTL",
        "image": "https://api.iextrading.com/1.0/stock/hack/news-image/4630338591795325"
      }
    ],
    "peers": [],
    "stats": {
      "companyName": "ETFMG Prime Cyber Security",
      "marketcap": 0,
      "beta": 0,
      "week52high": 39.67,
      "week52low": 28.38,
      "week52change": 27.7932,
      "shortInterest": 0,
      "shortDate": 0,
      "dividendRate": 0.09423306,
      "dividendYield": 0.24495207,
      "exDividendDate": "2017-12-26 00:00:00.0",
      "latestEPS": 0,
      "latestEPSDate": 0,
      "sharesOutstanding": 0,
      "float": 0,
      "returnOnEquity": -1.95,
      "symbol": "HACK",
      "EBITDA": 0,
      "revenue": 0,
      "grossProfit": 0,
      "cash": 0,
      "debt": 0,
      "ttmEPS": 0,
      "revenuePerShare": "NaN",
      "revenuePerEmployee": "NaN",
      "peRatioHigh": 0,
      "peRatioLow": 0,
      "consensusEPS": 0,
      "numberOfEstimates": 0,
      "EPSSurpriseDollar": null,
      "EPSSurprisePercent": 0,
      "returnOnAssets": 0.18,
      "returnOnCapital": null,
      "profitMargin": null,
      "priceToSales": null,
      "priceToBook": 5.11,
      "day200MovingAvg": 33.49939,
      "day50MovingAvg": 37.43987,
      "institutionPercent": null,
      "insiderPercent": null,
      "shortRatio": null,
      "year5ChangePercent": 0.5321028425552607,
      "year2ChangePercent": 0.5461303803783338,
      "year1ChangePercent": 0.23872988415369303,
      "ytdChangePercent": 0.17568407960199026,
      "month6ChangePercent": 0.19124133585381237,
      "month3ChangePercent": 0.11501032143910368,
      "month1ChangePercent": 0.01749192680301415,
      "day5ChangePercent": -0.03496681980602342,
      "day30ChangePercent": 0.010962566844919886
    },
    "company": {
      "symbol": "HACK",
      "companyName": "ETFMG Prime Cyber Security",
      "exchange": "NYSE Arca",
      "industry": "",
      "website": "http://www.ise.com/",
      "description": "The investment seeks investment results that, before fees and expenses, correspond generally to the price and yield performance of the Prime Cyber Defense Index.\n The fund invests at least 80% of its total assets in the component securities of the index and in ADRs and GDRs based on the component securities in the index. The index tracks the performance of the exchange-listed equity securities of companies across the globe that (i) engage in providing cyber security applications or services as a vital component of its overall business or (ii) provide hardware or software for cyber security activities as a vital component of its overall business.",
      "CEO": "",
      "issueType": "",
      "sector": "",
      "tags": []
    },
    "financials": {},
    "splits": [],
    "volume-by-venue": [
      {
        "volume": 0,
        "venue": "XCIS",
        "venueName": "NYSE National",
        "marketPercent": 0,
        "avgMarketPercent": 0,
        "date": null
      },
      {
        "volume": 0,
        "venue": "XASE",
        "venueName": "NYSE American",
        "marketPercent": 0,
        "avgMarketPercent": 0.0004012282735052158,
        "date": null
      },
      {
        "volume": 0,
        "venue": "XNYS",
        "venueName": "NYSE",
        "marketPercent": 0,
        "avgMarketPercent": 0.0006487238957772789,
        "date": null
      },
      {
        "volume": 0,
        "venue": "XCHI",
        "venueName": "CHX",
        "marketPercent": 0,
        "avgMarketPercent": 0.0007080498944209691,
        "date": null
      },
      {
        "volume": 0,
        "venue": "XPHL",
        "venueName": "Nasdaq PSX",
        "marketPercent": 0,
        "avgMarketPercent": 0.012072787101956374,
        "date": null
      },
      {
        "volume": 0,
        "venue": "EDGA",
        "venueName": "Cboe EDGA",
        "marketPercent": 0,
        "avgMarketPercent": 0.022899835510450852,
        "date": null
      },
      {
        "volume": 0,
        "venue": "IEXG",
        "venueName": "IEX",
        "marketPercent": 0,
        "avgMarketPercent": 0.026887765615196957,
        "date": null
      },
      {
        "volume": 0,
        "venue": "XBOS",
        "venueName": "Nasdaq BX",
        "marketPercent": 0,
        "avgMarketPercent": 0.031062041598688913,
        "date": null
      },
      {
        "volume": 0,
        "venue": "BATY",
        "venueName": "Cboe BYX",
        "marketPercent": 0,
        "avgMarketPercent": 0.04002756244705343,
        "date": null
      },
      {
        "volume": 0,
        "venue": "BATS",
        "venueName": "Cboe BZX",
        "marketPercent": 0,
        "avgMarketPercent": 0.042647990744570034,
        "date": null
      },
      {
        "volume": 0,
        "venue": "EDGX",
        "venueName": "Cboe EDGX",
        "marketPercent": 0,
        "avgMarketPercent": 0.04531369132750598,
        "date": null
      },
      {
        "volume": 0,
        "venue": "XNGS",
        "venueName": "Nasdaq",
        "marketPercent": 0,
        "avgMarketPercent": 0.05566108955314876,
        "date": null
      },
      {
        "volume": 0,
        "venue": "ARCX",
        "venueName": "NYSE Arca",
        "marketPercent": 0,
        "avgMarketPercent": 0.14225870278846772,
        "date": null
      },
      {
        "volume": 0,
        "venue": "TRF",
        "venueName": "Off Exchange",
        "marketPercent": 0,
        "avgMarketPercent": 0.5801185813405164,
        "date": null
      }
    ]
  },
  "CRM": {
    "quote": {
      "symbol": "CRM",
      "companyName": "Salesforce.com Inc",
      "primaryExchange": "New York Stock Exchange",
      "sector": "Technology",
      "calculationPrice": "close",
      "open": 137.24,
      "openTime": 1529674200355,
      "close": 135.01,
      "closeTime": 1529697670458,
      "high": 137.3,
      "low": 133.95,
      "latestPrice": 135.01,
      "latestSource": "Close",
      "latestTime": "June 22, 2018",
      "latestUpdate": 1529697670458,
      "latestVolume": 7373598,
      "iexRealtimePrice": 135.005,
      "iexRealtimeSize": 100,
      "iexLastUpdated": 1529697598409,
      "delayedPrice": 135.01,
      "delayedPriceTime": 1529697670458,
      "extendedPrice": 135.99,
      "extendedChange": 0.98,
      "extendedChangePercent": 0.00726,
      "extendedPriceTime": 1529701118867,
      "previousClose": 137.88,
      "change": -2.87,
      "changePercent": -0.02082,
      "iexMarketPercent": 0.02818,
      "iexVolume": 207788,
      "avgTotalVolume": 5204012,
      "iexBidPrice": 0,
      "iexBidSize": 0,
      "iexAskPrice": 0,
      "iexAskSize": 0,
      "marketCap": 100300290171,
      "peRatio": 750.06,
      "week52High": 142.12,
      "week52Low": 85.12,
      "ytdChange": 0.2722553759218465
    },
    "dividends": [],
    "news": [
      {
        "datetime": "2018-06-22T15:31:25-04:00",
        "headline": "Red Hat: Due For A Pullback",
        "source": "SeekingAlpha",
        "url": "https://api.iextrading.com/1.0/stock/crm/article/8520145664950042",
        "summary": "   My  previous research  predicted this dip in  Red Hat  ( RHT ) without even knowing the recent details. The software stock rallied due to accelerating growth, but after a 50% rally Red Hat had limited potential for upside and a key signal forecasting a decline.     Image Source: Red Hat websit…",
        "related": "APPSOFTW,CRM,RHT,SOF31165133,Computing and Information Technology,WOMPOLIX",
        "image": "https://api.iextrading.com/1.0/stock/crm/news-image/8520145664950042"
      },
      {
        "datetime": "2018-06-22T11:37:00-04:00",
        "headline": "More than 6,000 dogs &apos;work&apos; at Amazon, where every day is &apos;Take Your Dog to Work Day&apos;",
        "source": "CNBC",
        "url": "https://api.iextrading.com/1.0/stock/crm/article/8045002124637084",
        "summary": "No summary available.",
        "related": "AMZN,CRM,ETSY,GOOGL",
        "image": "https://api.iextrading.com/1.0/stock/crm/news-image/8045002124637084"
      }
    ],
    "peers": [
      "MSFT",
      "INTU",
      "ADBE",
      "SYMC",
      "CA",
      "BVSN",
      "SAP",
      "ORCL",
      "XLK"
    ],
    "stats": {
      "companyName": "Salesforce.com Inc",
      "marketcap": 100300290171,
      "beta": 1.214449,
      "week52high": 142.12,
      "week52low": 85.12,
      "week52change": 52.605404,
      "shortInterest": 17896069,
      "shortDate": "2018-05-31",
      "dividendRate": 0,
      "dividendYield": 0,
      "exDividendDate": 0,
      "latestEPS": 0.18,
      "latestEPSDate": "2018-01-31",
      "sharesOutstanding": 742910082,
      "float": 703796466,
      "returnOnEquity": 4.95,
      "consensusEPS": 0.05,
      "numberOfEstimates": 12,
      "EPSSurpriseDollar": null,
      "EPSSurprisePercent": 20,
      "symbol": "CRM",
      "EBITDA": 744184000,
      "revenue": 7629009000,
      "grossProfit": 5593279000,
      "cash": 10349460000,
      "debt": 6371804000,
      "ttmEPS": 0.18,
      "revenuePerShare": 10,
      "revenuePerEmployee": 263069,
      "peRatioHigh": 0,
      "peRatioLow": 0,
      "returnOnAssets": 2.35,
      "returnOnCapital": null,
      "profitMargin": 4.33,
      "priceToSales": 9.229452,
      "priceToBook": 9.26,
      "day200MovingAvg": 112.59525,
      "day50MovingAvg": 128.562,
      "institutionPercent": 82.9,
      "insiderPercent": 5.3,
      "shortRatio": 3.6741524,
      "year5ChangePercent": 2.653856562922868,
      "year2ChangePercent": 0.6408604764219736,
      "year1ChangePercent": 0.5234709997743171,
      "ytdChangePercent": 0.2930753759218465,
      "month6ChangePercent": 0.3166569143748779,
      "month3ChangePercent": 0.17984794197325862,
      "month1ChangePercent": 0.0540245140135841,
      "day5ChangePercent": -0.03426323319027196,
      "day30ChangePercent": 0.03352981704049603
    },
    "company": {
      "symbol": "CRM",
      "companyName": "Salesforce.com Inc",
      "exchange": "New York Stock Exchange",
      "industry": "Application Software",
      "website": "http://www.salesforce.com",
      "description": "Salesforce.com Inc is a software-as-a-service company that provides enterprise cloud computing solutions, offering social and mobile cloud apps and platform services, as well as professional services to facilitate the adoption of its solutions.",
      "CEO": "Marc Benioff",
      "issueType": "cs",
      "sector": "Technology",
      "tags": [
        "Technology",
        "Software - Application",
        "Application Software"
      ]
    },
    "financials": {
      "symbol": "CRM",
      "financials": [
        {
          "reportDate": "2018-04-30",
          "grossProfit": 2239000000,
          "costOfRevenue": 767000000,
          "operatingRevenue": 3006000000,
          "totalRevenue": 3006000000,
          "operatingIncome": 191000000,
          "netIncome": 344000000,
          "researchAndDevelopment": 424000000,
          "operatingExpense": 2048000000,
          "currentAssets": 10151000000,
          "totalAssets": 22963000000,
          "totalLiabilities": null,
          "currentCash": 5922000000,
          "currentDebt": 103000000,
          "totalCash": 7159000000,
          "totalDebt": 3472000000,
          "shareholderEquity": 11060000000,
          "cashChange": 3367000000,
          "cashFlow": 1466000000,
          "operatingGainsLosses": -211000000
        },
        {
          "reportDate": "2018-01-31",
          "grossProfit": 2113211000,
          "costOfRevenue": 737792000,
          "operatingRevenue": 2851003000,
          "totalRevenue": 2851003000,
          "operatingIncome": 77869000,
          "netIncome": 67555000,
          "researchAndDevelopment": 396547000,
          "operatingExpense": 2035342000,
          "currentAssets": 9290371000,
          "totalAssets": 21009802000,
          "totalLiabilities": null,
          "currentCash": 2543484000,
          "currentDebt": 1131123000,
          "totalCash": 4521705000,
          "totalDebt": 2503327000,
          "shareholderEquity": 9388496000,
          "cashChange": 486767000,
          "cashFlow": 1051320000,
          "operatingGainsLosses": 132975000
        },
        {
          "reportDate": "2017-10-31",
          "grossProfit": 1965333000,
          "costOfRevenue": 714508000,
          "operatingRevenue": 2679841000,
          "totalRevenue": 2679841000,
          "operatingIncome": 115988000,
          "netIncome": 51394000,
          "researchAndDevelopment": 393998000,
          "operatingExpense": 1849345000,
          "currentAssets": 5946170000,
          "totalAssets": 17490036000,
          "totalLiabilities": null,
          "currentCash": 2071837000,
          "currentDebt": 1282797000,
          "totalCash": 3628665000,
          "totalDebt": 2599029000,
          "shareholderEquity": 8829370000,
          "cashChange": 124772000,
          "cashFlow": 125792000,
          "operatingGainsLosses": 117677000
        },
        {
          "reportDate": "2017-07-31",
          "grossProfit": 1890922000,
          "costOfRevenue": 670667000,
          "operatingRevenue": 2561589000,
          "totalRevenue": 2561589000,
          "operatingIncome": 50793000,
          "netIncome": 17736000,
          "researchAndDevelopment": 386447000,
          "operatingExpense": 1840129000,
          "currentAssets": 5811341000,
          "totalAssets": 17418803000,
          "totalLiabilities": null,
          "currentCash": 1949110000,
          "currentDebt": 1286637000,
          "totalCash": 3501245000,
          "totalDebt": 2599314000,
          "shareholderEquity": 8451314000,
          "cashChange": -75084000,
          "cashFlow": 331269000,
          "operatingGainsLosses": 107868000
        }
      ]
    },
    "splits": [],
    "volume-by-venue": [
      {
        "volume": 0,
        "venue": "XCIS",
        "venueName": "NYSE National",
        "marketPercent": 0,
        "avgMarketPercent": 0.00004462036219130863,
        "date": null
      },
      {
        "volume": 0,
        "venue": "XASE",
        "venueName": "NYSE American",
        "marketPercent": 0,
        "avgMarketPercent": 0.0017384663207394328,
        "date": null
      },
      {
        "volume": 0,
        "venue": "XCHI",
        "venueName": "CHX",
        "marketPercent": 0,
        "avgMarketPercent": 0.0025759748014416036,
        "date": null
      },
      {
        "volume": 0,
        "venue": "XPHL",
        "venueName": "Nasdaq PSX",
        "marketPercent": 0,
        "avgMarketPercent": 0.003990976223109902,
        "date": null
      },
      {
        "volume": 0,
        "venue": "EDGA",
        "venueName": "Cboe EDGA",
        "marketPercent": 0,
        "avgMarketPercent": 0.006587137210701295,
        "date": null
      },
      {
        "volume": 0,
        "venue": "BATY",
        "venueName": "Cboe BYX",
        "marketPercent": 0,
        "avgMarketPercent": 0.025186817752826968,
        "date": null
      },
      {
        "volume": 0,
        "venue": "IEXG",
        "venueName": "IEX",
        "marketPercent": 0,
        "avgMarketPercent": 0.02529087832898293,
        "date": null
      },
      {
        "volume": 0,
        "venue": "XBOS",
        "venueName": "Nasdaq BX",
        "marketPercent": 0,
        "avgMarketPercent": 0.032760977950611114,
        "date": null
      },
      {
        "volume": 0,
        "venue": "BATS",
        "venueName": "Cboe BZX",
        "marketPercent": 0,
        "avgMarketPercent": 0.05744001140428635,
        "date": null
      },
      {
        "volume": 0,
        "venue": "EDGX",
        "venueName": "Cboe EDGX",
        "marketPercent": 0,
        "avgMarketPercent": 0.06216695573164402,
        "date": null
      },
      {
        "volume": 0,
        "venue": "ARCX",
        "venueName": "NYSE Arca",
        "marketPercent": 0,
        "avgMarketPercent": 0.06843962987355473,
        "date": null
      },
      {
        "volume": 0,
        "venue": "XNGS",
        "venueName": "Nasdaq",
        "marketPercent": 0,
        "avgMarketPercent": 0.13068448073135128,
        "date": null
      },
      {
        "volume": 0,
        "venue": "XNYS",
        "venueName": "NYSE",
        "marketPercent": 0,
        "avgMarketPercent": 0.2620024584779538,
        "date": null
      },
      {
        "volume": 0,
        "venue": "TRF",
        "venueName": "Off Exchange",
        "marketPercent": 0,
        "avgMarketPercent": 0.3212137891725652,
        "date": null
      }
    ]
  },
  "ATVI": {
    "quote": {
      "symbol": "ATVI",
      "companyName": "Activision Blizzard Inc",
      "primaryExchange": "Nasdaq Global Select",
      "sector": "Technology",
      "calculationPrice": "close",
      "open": 76.46,
      "openTime": 1529674200001,
      "close": 75.98,
      "closeTime": 1529697600348,
      "high": 76.56,
      "low": 75.215,
      "latestPrice": 75.98,
      "latestSource": "Close",
      "latestTime": "June 22, 2018",
      "latestUpdate": 1529697600348,
      "latestVolume": 3698631,
      "iexRealtimePrice": 75.91,
      "iexRealtimeSize": 100,
      "iexLastUpdated": 1529697595047,
      "delayedPrice": 75.98,
      "delayedPriceTime": 1529697600348,
      "extendedPrice": 75.51,
      "extendedChange": -0.47,
      "extendedChangePercent": -0.00619,
      "extendedPriceTime": 1529700708773,
      "previousClose": 76.05,
      "change": -0.07,
      "changePercent": -0.00092,
      "iexMarketPercent": 0.0241,
      "iexVolume": 89137,
      "avgTotalVolume": 4998570,
      "iexBidPrice": 0,
      "iexBidSize": 0,
      "iexAskPrice": 0,
      "iexAskSize": 0,
      "marketCap": 57836343895,
      "peRatio": 35.18,
      "week52High": 79.63,
      "week52Low": 55.86,
      "ytdChange": 0.18663489979712472
    },
    "dividends": [],
    "news": [
      {
        "datetime": "2018-06-21T14:20:35-04:00",
        "headline": "Glu Mobile: Third Time A Charm",
        "source": "SeekingAlpha",
        "url": "https://api.iextrading.com/1.0/stock/atvi/article/4821714905487128",
        "summary": "   As  Glu Mobile  ( GLUU ) pushes towards $7, the mobile-game developer reaches a level of previous peaks back in both 2014 and 2015. The story is different this time and the stock is finally poised to head to new highs as predicted by my  long-term bullish thesis .     Image Source: Glu Mobile …",
        "related": "APPSOFTW,ATVI,EA,ELE31165130,GLUU,NASDAQ01,Computing and Information Technology,WOMPOLIX,ZNGA",
        "image": "https://api.iextrading.com/1.0/stock/atvi/news-image/4821714905487128"
      },
      {
        "datetime": "2018-06-21T14:07:19-04:00",
        "headline": "Videogame sales up for 2nd month with hardware driving",
        "source": "SeekingAlpha",
        "url": "https://api.iextrading.com/1.0/stock/atvi/article/7647800988861119",
        "summary": "     Videogame sales grew for the second straight month overall in May, with continued growth in hardware and accessories more than mitigating a slight drop in software.   More news on: Sony Corporation, Nintendo Co., Ltd. ADR, UbiSoft Entertainment Inc. ADR, Tech stocks news, , Stocks on the mov…",
        "related": "ATVI,CCOEY,Computer Hardware,CON31167138,EA,GAMEMULT,GAMENEWS,GAMR,INTHPINK,MSFT,NASDAQ01,NCBDY,NTDOY,OTCBULLB,SNE,Computing and Information Technology,TJXKEYWD,TTWO,UBSFY",
        "image": "https://api.iextrading.com/1.0/stock/atvi/news-image/7647800988861119"
      },
      {
        "datetime": "2018-06-21T09:43:03-04:00",
        "headline": "Without Question Activision Remains A Long-Term Growth Story",
        "source": "SeekingAlpha",
        "url": "https://api.iextrading.com/1.0/stock/atvi/article/5127997636022738",
        "summary": "    Source: Polygon    Activision Blizzard, Inc. (ATVI) has many strong growth years ahead of it, as it continues to generate growth from its strongest franchises while positioning itself to add or grow more revenue streams to and within its business model, such as in-game advertising, sports bet…",
        "related": "APPSOFTW,ATVI,ELE31165130,NASDAQ01,Computing and Information Technology",
        "image": "https://api.iextrading.com/1.0/stock/atvi/news-image/5127997636022738"
      }
    ],
    "peers": [
      "MSFT",
      "TTWO",
      "EA",
      "GLUU",
      "SNE",
      "COOL",
      "XLK"
    ],
    "stats": {
      "companyName": "Activision Blizzard Inc",
      "marketcap": 57836343895,
      "beta": 1.195958,
      "week52high": 79.63,
      "week52low": 55.86,
      "week52change": 24.872,
      "shortInterest": 7827539,
      "shortDate": "2018-05-31",
      "dividendRate": 0.34,
      "dividendYield": 0.4474862,
      "exDividendDate": "2018-03-28 00:00:00.0",
      "latestEPS": 0.37,
      "latestEPSDate": "2017-12-31",
      "sharesOutstanding": 761204842,
      "float": 712037953,
      "returnOnEquity": 3.6,
      "consensusEPS": 0.29,
      "numberOfEstimates": 8,
      "EPSSurpriseDollar": null,
      "EPSSurprisePercent": 17.2414,
      "symbol": "ATVI",
      "EBITDA": 1703000000,
      "revenue": 5292000000,
      "grossProfit": 3376000000,
      "cash": 11567000000,
      "debt": 0,
      "ttmEPS": 2.16,
      "revenuePerShare": 7,
      "revenuePerEmployee": 540000,
      "peRatioHigh": 52.7,
      "peRatioLow": 10.5,
      "returnOnAssets": 1.97,
      "returnOnCapital": null,
      "profitMargin": 4.77,
      "priceToSales": 7.9770746,
      "priceToBook": 5.9,
      "day200MovingAvg": 67.4443,
      "day50MovingAvg": 71.2044,
      "institutionPercent": 84,
      "insiderPercent": 6.5,
      "shortRatio": 1.2717518,
      "year5ChangePercent": 4.801151373555057,
      "year2ChangePercent": 0.9742859518563174,
      "year1ChangePercent": 0.26359554299018795,
      "ytdChangePercent": 0.18755489979712472,
      "month6ChangePercent": 0.2036511914530944,
      "month3ChangePercent": 0.12245350194265119,
      "month1ChangePercent": 0.05910231391134666,
      "day5ChangePercent": -0.024271221266212926,
      "day30ChangePercent": 0.05969316596931661
    },
    "company": {
      "symbol": "ATVI",
      "companyName": "Activision Blizzard Inc",
      "exchange": "Nasdaq Global Select",
      "industry": "Application Software",
      "website": "http://www.activisionblizzard.com",
      "description": "Activision Blizzard is a developer and publisher of interactive entertainment content and services. It develops and distributes content and services on video game consoles, personal computers, and mobile devices.",
      "CEO": "Robert A. Kotick",
      "issueType": "cs",
      "sector": "Technology",
      "tags": [
        "Technology",
        "Electronic Gaming & Multimedia",
        "Application Software"
      ]
    },
    "financials": {
      "symbol": "ATVI",
      "financials": [
        {
          "reportDate": "2018-03-31",
          "grossProfit": 1303000000,
          "costOfRevenue": 662000000,
          "operatingRevenue": 1965000000,
          "totalRevenue": 1965000000,
          "operatingIncome": 595000000,
          "netIncome": 500000000,
          "researchAndDevelopment": 259000000,
          "operatingExpense": 708000000,
          "currentAssets": 6410000000,
          "totalAssets": 18397000000,
          "totalLiabilities": null,
          "currentCash": 5224000000,
          "currentDebt": null,
          "totalCash": 5217000000,
          "totalDebt": null,
          "shareholderEquity": 9819000000,
          "cashChange": 486000000,
          "cashFlow": 529000000,
          "operatingGainsLosses": null
        },
        {
          "reportDate": "2017-12-31",
          "grossProfit": 1240000000,
          "costOfRevenue": 803000000,
          "operatingRevenue": 2043000000,
          "totalRevenue": 2043000000,
          "operatingIncome": 221000000,
          "netIncome": -585000000,
          "researchAndDevelopment": 319000000,
          "operatingExpense": 1019000000,
          "currentAssets": 6520000000,
          "totalAssets": 18668000000,
          "totalLiabilities": null,
          "currentCash": 4713000000,
          "currentDebt": null,
          "totalCash": 4713000000,
          "totalDebt": null,
          "shareholderEquity": 9462000000,
          "cashChange": 1133000000,
          "cashFlow": 1158000000,
          "operatingGainsLosses": null
        },
        {
          "reportDate": "2017-09-30",
          "grossProfit": 1066000000,
          "costOfRevenue": 552000000,
          "operatingRevenue": 1618000000,
          "totalRevenue": 1618000000,
          "operatingIncome": 257000000,
          "netIncome": 188000000,
          "researchAndDevelopment": 273000000,
          "operatingExpense": 809000000,
          "currentAssets": 5386000000,
          "totalAssets": 17718000000,
          "totalLiabilities": null,
          "currentCash": 3576000000,
          "currentDebt": null,
          "totalCash": 3576000000,
          "totalDebt": null,
          "shareholderEquity": 9967000000,
          "cashChange": 276000000,
          "cashFlow": 379000000,
          "operatingGainsLosses": null
        },
        {
          "reportDate": "2017-06-30",
          "grossProfit": 1070000000,
          "costOfRevenue": 561000000,
          "operatingRevenue": 1631000000,
          "totalRevenue": 1631000000,
          "operatingIncome": 339000000,
          "netIncome": 243000000,
          "researchAndDevelopment": 252000000,
          "operatingExpense": 731000000,
          "currentAssets": 4352000000,
          "totalAssets": 16808000000,
          "totalLiabilities": null,
          "currentCash": 3278000000,
          "currentDebt": null,
          "totalCash": 3278000000,
          "totalDebt": null,
          "shareholderEquity": 9715000000,
          "cashChange": 3000000,
          "cashFlow": 265000000,
          "operatingGainsLosses": null
        }
      ]
    },
    "splits": [],
    "volume-by-venue": [
      {
        "volume": 0,
        "venue": "XCIS",
        "venueName": "NYSE National",
        "marketPercent": 0,
        "avgMarketPercent": 0.000020934754087624632,
        "date": null
      },
      {
        "volume": 0,
        "venue": "XASE",
        "venueName": "NYSE American",
        "marketPercent": 0,
        "avgMarketPercent": 0.001626565360160035,
        "date": null
      },
      {
        "volume": 0,
        "venue": "XPHL",
        "venueName": "Nasdaq PSX",
        "marketPercent": 0,
        "avgMarketPercent": 0.005170956944106926,
        "date": null
      },
      {
        "volume": 0,
        "venue": "XCHI",
        "venueName": "CHX",
        "marketPercent": 0,
        "avgMarketPercent": 0.006828542572261787,
        "date": null
      },
      {
        "volume": 0,
        "venue": "EDGA",
        "venueName": "Cboe EDGA",
        "marketPercent": 0,
        "avgMarketPercent": 0.008502213316256108,
        "date": null
      },
      {
        "volume": 0,
        "venue": "XNYS",
        "venueName": "NYSE",
        "marketPercent": 0,
        "avgMarketPercent": 0.02150346117055576,
        "date": null
      },
      {
        "volume": 0,
        "venue": "BATY",
        "venueName": "Cboe BYX",
        "marketPercent": 0,
        "avgMarketPercent": 0.022944583735525072,
        "date": null
      },
      {
        "volume": 0,
        "venue": "XBOS",
        "venueName": "Nasdaq BX",
        "marketPercent": 0,
        "avgMarketPercent": 0.026356137168311006,
        "date": null
      },
      {
        "volume": 0,
        "venue": "IEXG",
        "venueName": "IEX",
        "marketPercent": 0,
        "avgMarketPercent": 0.047035340459243714,
        "date": null
      },
      {
        "volume": 0,
        "venue": "ARCX",
        "venueName": "NYSE Arca",
        "marketPercent": 0,
        "avgMarketPercent": 0.05694678645186821,
        "date": null
      },
      {
        "volume": 0,
        "venue": "EDGX",
        "venueName": "Cboe EDGX",
        "marketPercent": 0,
        "avgMarketPercent": 0.07900132466841496,
        "date": null
      },
      {
        "volume": 0,
        "venue": "BATS",
        "venueName": "Cboe BZX",
        "marketPercent": 0,
        "avgMarketPercent": 0.08703532918203885,
        "date": null
      },
      {
        "volume": 0,
        "venue": "XNGS",
        "venueName": "Nasdaq",
        "marketPercent": 0,
        "avgMarketPercent": 0.3185591417237823,
        "date": null
      },
      {
        "volume": 0,
        "venue": "TRF",
        "venueName": "Off Exchange",
        "marketPercent": 0,
        "avgMarketPercent": 0.3187819254844025,
        "date": null
      }
    ]
  }
}